1665 2793
783 64 1041 101 ...14-

278 157 379 202 Οὕτε
404 163 674 216 μετέρχεσθαί
700 177 772 215 μιν
800 166 999 213 ἐπιπρέπει
1026 159 1171 204 ἄλλοτε
1198 159 1310 218 ἄλλῃ.

508 230 696 282 (Simplic.
724 230 774 269 ad
802 231 921 269 Arist.
949 231 1060 282 phys.
1088 231 1151 269 fol.
1179 231 1215 268 6.
1244 235 1295 278 a.)

170 296 226 335 ita
250 303 532 336 commentatus
560 302 638 336 est:
666 296 742 346 „In
771 310 846 349 quo
876 298 947 336 etsi
976 312 1115 350 parum
1132 297 1393 351 persuadendi
1411 300 1651 340 necessitatis

173 364 389 402 adhibitum
418 365 486 411 sit,
528 365 614 415 quis
639 378 718 402 non
744 365 937 414 insignem
974 364 1194 415 philosophi
1229 366 1411 416 pietatem
1452 375 1651 415 agnoscat,

172 432 236 482 qui
264 444 341 469 non
369 429 493 469 solum
529 429 579 469 ab
618 444 801 469 sensuum
839 430 908 469 sed
941 431 992 469 ab
1028 431 1199 470 omnium
1231 445 1359 470 rerum
1393 430 1650 474 humanarum

170 499 402 547 contagione
429 511 618 535 summam
648 498 710 536 dei
738 499 934 537 notionem
963 511 1078 548 quam
1097 499 1266 536 maxime
1283 504 1412 549 potest
1431 499 1651 550 disjungere

171 564 300 603 studet
324 570 362 602 et
389 564 662 615 sevocare.“*)
718 564 881 617 Scripsit
907 564 1008 603 idem
1037 564 1090 616 (p.
1120 565 1211 612 71.):
1249 563 1369 603 Aliud
1401 566 1567 617 pertinet
1597 567 1651 618 pii

171 632 290 669 animi
319 631 474 679 dictum,
507 632 609 682 quod
647 631 782 669 laudat
817 631 1046 670 Aristoteles
1073 631 1181 670 Rhet.
1209 632 1237 670 Ι.
1269 633 1325 670 15.
1355 647 1391 685 Ρ.
1420 633 1518 671 422:
1571 631 1650 673 Oine

172 698 237 745 ἴση
273 699 489 749 πρόκλησις
525 695 629 745 αὕτη
666 696 800 747 ἀσεβεῖ
834 695 934 749 πρὸς
970 696 1127 748 εὐσεβῆ,
1173 699 1235 737 cui
1273 700 1462 738 assentire
1498 700 1650 738 videtur

173 765 300 803 Zeller
315 765 381 811 **)
410 766 562 803 dicens:
604 766 660 803 Er
687 766 859 803 verwirft
887 766 956 803 das
993 765 1268 804 Beweismittel
1308 765 1376 803 des
1394 766 1526 815 Eides,
1566 769 1650 806 weil

172 846 214 870 er
241 833 353 870 darin
382 833 493 871 einen
520 832 630 870 Preis
657 832 718 869 fiir
746 832 808 869 die
833 831 1111 882 Gottlosigkeit
1135 831 1255 870 findet
1267 832 1366 880 ***).

275 900 386 938 Haec
415 899 611 937 sufficiant
637 899 778 949 quibus
815 898 1071 948 intelligatur,
1108 899 1392 950 Xenophanem
1420 914 1497 938 non
1527 900 1647 938 solum

170 972 328 1004 acutum
356 971 394 1004 et
422 964 600 1004 subtilem
627 966 667 1003 in
695 965 952 1018 philosophia,
981 965 1049 1004 sed
1077 967 1192 1004 etiam
1220 967 1261 1005 in
1288 966 1405 1006 rebus
1424 967 1565 1006 divinis
1583 967 1648 1019 pio

172 1035 301 1072 animo
330 1034 458 1072 tuisse.

278 1100 354 1138 Sed
382 1100 526 1150 pietate
551 1098 617 1137 illa
652 1113 843 1138 summum
877 1099 971 1137 illud
1009 1113 1171 1148 numen,
1208 1101 1311 1151 quod
1346 1101 1467 1140 multa
1502 1107 1648 1140 scruta-

171 1168 275 1205 tione
302 1172 517 1218 repererat,
546 1166 726 1217 amplecti
754 1181 832 1205 non
868 1167 1002 1216 potuit.
1056 1166 1165 1205 Illius
1193 1168 1295 1205 enim
1334 1167 1397 1205 dei
1432 1170 1537 1207 notio
1571 1183 1649 1208 non

172 1239 360 1285 concepta
388 1234 462 1270 nisi
490 1239 629 1280 mente,
656 1233 865 1270 fortissime
891 1245 915 1269 a
942 1246 1102 1283 corpore
1131 1246 1171 1271 se
1200 1233 1648 1272 abstrahente—utrum

169 1314 270 1352 pura
296 1300 413 1338 fuerit
439 1299 505 1337 illa
534 1300 639 1338 notio
668 1313 719 1337 an
755 1300 871 1338 rebus
907 1299 1035 1337 adhuc
1069 1301 1263 1352 corporeis
1299 1301 1423 1340 mixta
1457 1301 1551 1340 nihil
1587 1300 1649 1339 hic

170 1368 313 1405 referre
341 1368 495 1405 videtur
514 1390 563 1395 —
582 1372 784 1404 attenuata
811 1367 925 1403 nimis
953 1367 1037 1414 fuit,
1072 1380 1188 1418 quam
1224 1381 1325 1418 quae
1358 1369 1512 1419 pietatis
1550 1369 1647 1407 desi-

170 1434 330 1483 derium,
358 1448 433 1486 quo
462 1434 666 1473 tenebatur
685 1433 952 1485 Xenophanes
979 1433 1134 1484 explere
1160 1441 1301 1485 posset.
1355 1436 1472 1485 Quod
1499 1437 1649 1476 ratione

170 1502 221 1540 ab
249 1503 353 1540 omni
381 1502 533 1540 mortali
561 1502 803 1539 concretione
832 1500 959 1539 aliena
985 1507 1200 1553 repererat,
1237 1503 1375 1541 ceteris
1413 1503 1531 1541 animi
1559 1504 1648 1541 viri-

171 1569 241 1607 bus
270 1583 386 1608 sensu
413 1575 451 1607 et
476 1569 676 1606 voluntate
704 1568 884 1619 amplecti
910 1582 989 1607 non
1016 1569 1151 1618 potuit,
1178 1582 1297 1618 quum
1316 1570 1435 1607 animi
1447 1570 1647 1609 affectibus

170 1637 210 1674 in
239 1636 447 1686 cogitanda
475 1635 536 1673 dei
565 1641 706 1673 natura
733 1634 943 1685 indulgere,
977 1636 1116 1672 mentis
1144 1636 1363 1674 constantia
1391 1650 1476 1675 eum
1492 1642 1648 1675 vetaret.

171 1702 334 1740 Ratione
365 1708 553 1753 concepta
582 1702 648 1740 illa
677 1702 738 1739 dei
766 1702 870 1740 notio
898 1715 976 1739 non
1004 1702 1212 1753 respondet
1239 1702 1291 1740 ad
1318 1703 1472 1753 pietatis
1501 1703 1647 1742 deside-

172 1769 291 1807 rium:
334 1768 462 1807 deficit
488 1769 650 1807 rationis
678 1774 716 1806 et
752 1769 907 1819 pietatis
934 1774 1142 1806 concentus
1171 1774 1286 1820 atque
1314 1783 1545 1819 consensus,
1583 1770 1646 1821 qui

174 1848 347 1872 summus
374 1849 458 1873 esse
484 1836 600 1873 debet
614 1836 668 1886 †).

275 1919 309 1959 *)
332 1918 490 1958 Brandis,
514 1918 699 1950 Comment.
723 1917 831 1948 Eleat.
858 1917 1002 1949 Altonae
1024 1918 1114 1951 1813.
1141 1918 1177 1950 P.
1201 1918 1228 1951 I.
1253 1930 1286 1960 p.
1309 1920 1360 1951 42.

256 1971 310 2010 **')
334 1970 453 2005 Zeller,
477 1969 693 2009 Philosophie
716 1970 747 2000 d.
772 1971 828 2002 Gr.
875 1969 963 2002 Tiib.
988 1970 1079 2002 1856.
1103 1970 1129 2000 Ι.
1152 1981 1183 2011 p.
1206 1971 1277 2003 392.

233 2022 311 2062 *κῆ
335 2022 482 2054 Omnino
507 2021 636 2053 scilicet
658 2021 805 2054 Brandis
827 2021 1050 2063 Xenophanis
1072 2022 1232 2063 pietatem
1257 2022 1338 2053 satis
1370 2023 1523 2064 graviter
1553 2033 1648 2065 prae-

172 2075 353 2106 dicandam
377 2075 591 2114 existimavit,
615 2084 654 2105 ex
678 2084 718 2105 ea
741 2074 845 2105 multa.
868 2074 961 2104 dicta
983 2073 1137 2114 profecta
1159 2084 1232 2106 esse
1255 2076 1447 2108 ostendens.

286 2128 321 2166 †)
343 2126 439 2157 Talis
462 2126 699 2168 philosophiae
722 2129 864 2157 eventus
882 2124 1017 2156 Jacobii
1035 2125 1134 2157 nobis
1151 2126 1343 2158 memoriam
1368 2126 1476 2166 affert,
1499 2127 1556 2169 qui
1575 2127 1649 2159 illos

172 2178 275 2209 animi
298 2182 408 2210 motus
433 2178 623 2220 philosophi
649 2188 669 2209 a
693 2188 728 2209 se
752 2177 826 2219 ipso
852 2176 1046 2208 dissidentis
1069 2178 1244 2219 praeclare
1267 2179 1316 2210 ita
1338 2180 1532 2222 descripsit:

256 2230 359 2261 Licht
383 2230 426 2261 ist
448 2231 481 2261 in
504 2230 647 2261 meinem
670 2230 827 2269 Hei-zen,
850 2229 933 2261 aber
955 2230 1055 2260 sowie
1078 2229 1132 2261 ich
1157 2239 1192 2261 es
1216 2232 1247 2262 in
1274 2231 1338 2262 den
1365 2231 1534 2264 Verstand
1560 2231 1648 2263 brin-

170 2292 236 2325 gen
251 2283 326 2321 will,
351 2282 490 2314 erlischt
513 2292 558 2313 es.
603 2282 745 2315 Welche
770 2292 835 2314 von
869 2282 991 2313 beiden
1025 2282 1224 2314 Klarheiten
1252 2284 1296 2315 ist
1325 2284 1378 2315 die
1402 2283 1541 2316 wahre?
1586 2283 1649 2314 Die

172 2334 231 2366 des
244 2333 464 2374 Verstandes,
488 2335 540 2366 die
564 2345 654 2366 zwar
665 2336 749 2366 feste
768 2334 959 2373 Gestalten,
978 2334 1060 2366 aber
1078 2334 1190 2366 hinter
1207 2335 1307 2367 ihnen
1325 2347 1390 2368 nur
1408 2324 1649 2368 einedboden-

171 2386 264 2418 losen
288 2385 456 2428 Abgrund
482 2386 596 2429 zeigt‘?
640 2386 732 2419 Oder
750 2387 804 2418 die
821 2387 880 2419 des
899 2387 1059 2423 Hevzeus,
1087 2386 1213 2418 welche
1236 2397 1325 2419 zwar
1337 2388 1553 2421 verheissend
1577 2386 1649 2419 auf-

171 2441 272 2470 warts
307 2439 465 2478 leuchtet,
499 2440 582 2470 aber
617 2440 821 2471 bestimmtes
858 2438 1038 2471 Erkennen
1073 2440 1256 2472 vermissen
1292 2441 1401 2472 lasst‘?
1455 2442 1556 2473 Kann
1592 2440 1650 2471 der

171 2491 399 2526 menschliche
415 2490 512 2521 Geist
529 2491 707 2522 Wahrheit
730 2492 908 2533 ergreffen,
933 2501 1029 2522 wenn
1054 2492 1146 2523 nicht
1169 2492 1203 2523 in
1227 2492 1294 2523 ihm
1313 2494 1391 2533 jene
1415 2494 1537 2525 beiden
1550 2492 1648 2524 Klar-

171 2542 283 2574 heiten
307 2554 350 2574 zu
372 2543 492 2574 Eincm
516 2542 639 2575 Lichte
671 2543 742 2575 sich
766 2542 991 2585 vei-einigen‘?
1035 2544 1115 2576 Und
1144 2544 1188 2575 ist
1212 2544 1311 2577 diese·
1327 2544 1563 2588 Vereinigung
1594 2553 1649 2574 an-

172 2595 249 2626 ders
274 2595 429 2627 denkbar
452 2595 502 2626 als
526 2595 632 2627 durch
656 2595 710 2627 ein
733 2594 914 2627 Wunder?
