1665 2793
725 60 984 99 —10—

113 163 186 201 sub
221 163 346 201 nitida
379 163 576 213 religionis
623 164 751 214 specie
797 163 982 201 latentem
1016 162 1303 215 perniciemque
1337 162 1411 200 toti
1446 162 1593 200 civitati

113 228 334 268 molientem
367 254 404 259 -
439 230 655 281 falsamque
688 243 774 268 esse
812 230 1051 268 Graecorum
1091 227 1316 279 religionem
1342 228 1591 280 persuasissi-

114 309 219 333 mum
250 297 285 333 ei
315 303 409 335 erat.

220 363 358 413 Itaque
384 363 497 402 facile
525 370 584 402 est
608 363 819 411 intellectu,
845 363 1067 401 contemtim
1083 361 1368 414 Xenophanem
1396 362 1444 401 de
1470 361 1592 401 Grae-

112 430 168 467 cis
196 429 367 468 locutum
397 443 492 479 esse,
527 444 646 482 quum
674 432 714 469 in
742 431 914 482 priorum
943 428 1191 481 opinionibus
1219 430 1388 480 segniter
1414 441 1591 481 perseve—

112 503 255 545 rantes,
283 498 450 549 speciem
480 497 796 547 adolescentium,
839 498 879 536 in
905 495 1064 549 puerilis
1092 497 1232 536 aetatis
1260 496 1412 548 legibus
1440 496 1592 549 acquie-

113 565 313 612 scentium,
340 565 581 616 praeberent.
624 565 753 613 Quum
772 565 932 613 videret,
952 569 1101 602 veteres
1115 564 1201 602 illas
1227 564 1446 614 religiones,
1475 578 1591 603 ama⁴

111 631 262 681 joribus
289 639 481 683 acceptae,
518 632 731 670 secundum
763 646 886 671 rerum
916 636 1095 669 naturam
1120 631 1297 680 integrae
1322 637 1473 669 tantum
1500 645 1593 681 gen-

112 699 208 735 tium
237 699 355 737 aetati
385 700 679 748 convenientes,
717 700 834 738 etiam
863 704 944 736 tum
985 699 1023 736 in
1060 711 1211 736 summa
1245 698 1474 736 auctoritate
1510 711 1595 737 esse

112 766 218 816 apud
249 766 440 814 Graecos,
483 768 548 817 qui
584 767 713 805 callidi
741 766 896 817 quidem
926 765 1091 803 artifices
1130 778 1318 803 novarum
1348 765 1606 818 voluptatum*

112 833 466 884 comparandarum
493 841 632 877 essent,
662 834 818 871 minime
846 837 975 870 autem
1012 833 1247 870 eniterentur
1283 831 1335 869 ad
1362 838 1592 883 componen-

114 900 180 937 das
210 913 333 937 novas
361 900 567 949 religiones
596 900 890 950 subtilioresque
918 905 956 936 et
989 911 1088 949 quae
1126 900 1290 949 tempori
1326 900 1593 939 convenirent:

112 969 241 1004 tacere
257 980 334 1004 non
350 967 485 1017 potuit,
513 968 617 1018 quin,
645 981 695 1005 ex
723 967 888 1017 segnitia
910 965 975 1004 illa
1003 972 1041 1004 et
1067 965 1225 1004 levitate
1250 979 1316 1004 eos
1344 966 1593 1014 excitaturus,

112 1033 285 1072 mordaci
298 1034 469 1072 carmine
479 1034 516 1084 *)
545 1035 833 1086 perstringeret,
860 1032 1046 1084 quidquid
1071 1034 1111 1071 in
1130 1032 1326 1071 veteribus
1344 1032 1594 1084 religionibus

110 1100 327 1150 ridiculum,
355 1101 568 1151 indignum,
594 1107 706 1152 turpe
719 1101 966 1140 existimaret.
1019 1100 1157 1151 Itaque
1169 1099 1447 1152 Xenophanes,
1466 1107 1594 1140 mente

112 1167 235 1205 libera
264 1168 465 1218 solutaque
492 1182 619 1206 mores
647 1176 684 1206 et
709 1169 907 1218 ingenium
934 1167 1060 1217 gentis
1076 1180 1169 1206 suae
1197 1174 1472 1218 perscrutatus,
1497 1182 1591 1207 are-

113 1235 317 1272 censendis
346 1242 383 1272 et
410 1235 676 1287 vituperandis
690 1235 851 1273 Homeri
872 1241 908 1273 et
922 1234 1085 1273 Hesiodi
1104 1234 1285 1286 operibus
1307 1235 1358 1272 ad
1379 1235 1593 1274 deserenda

113 1314 226 1338 sacra
264 1302 417 1353 patriae
453 1303 658 1352 processit,
691 1301 934 1340 abalienatus
969 1315 991 1339 a
1027 1314 1121 1339 suae
1152 1302 1291 1339 aetatis
1320 1302 1477 1352 ingenio
1505 1308 1543 1340 et
1570 1316 1593 1340 a

112 1369 238 1417 gentis
267 1382 360 1406 suae
389 1369 539 1407 animis.

218 1435 295 1473 Sed
324 1435 457 1472 eadem
487 1436 569 1486 ejus
598 1448 706 1472 mens
735 1440 850 1473 acuta
877 1435 927 1473 ad
956 1435 1219 1484 cogitandum,
1247 1449 1365 1486 quum
1385 1435 1593 1485 religionis,

113 1503 174 1540 cui
203 1509 307 1540 certo
340 1509 377 1540 et
415 1504 497 1553 ipse
533 1503 642 1540 initio
679 1489 765 1540 crat
798 1502 997 1550 addictus,
1034 1502 1288 1541 fundamenta
1324 1504 1524 1542 evertisset
1556 1510 1592 1542 et

113 1569 367 1616 dissolvisset,
398 1582 519 1607 novas
548 1570 582 1606 ei
611 1576 649 1605 et
676 1568 894 1607 subtiliores
922 1570 1091 1607 rationes
1120 1575 1299 1618 statuere,
1327 1572 1591 1620 perenniorem

112 1637 354 1689 disciplinam
383 1643 580 1674 exstruere
609 1636 753 1674 debuit.

216 1704 326 1751 Quas
355 1705 524 1741 rationes
554 1704 772 1754 exquirens,
801 1709 928 1740 utrum
957 1718 981 1742 a
1008 1705 1157 1742 ratione
1185 1710 1223 1742 et
1237 1705 1441 1757 disciplina
1468 1705 1589 1757 philo-

113 1771 322 1822 sophorum
352 1772 534 1823 priorum,
570 1786 619 1809 an
647 1786 670 1808 a
700 1771 820 1808 sacris
850 1771 1087 1810 Graecorum
1115 1772 1361 1822 opinionibus
1396 1773 1592 1824 profectus

111 1839 170 1884 sit,
200 1838 498 1889 disceptandum
519 1838 686 1876 videtur.
744 1837 969 1875 Communis
1000 1839 1034 1875 ei
1062 1851 1149 1875 cum
1177 1833 1418 1889 philosophis
1433 1840 1508 1877 illis
1538 1847 1596 1878 est

113 1905 332 1957 explicandi
360 1905 426 1944 illa
455 1912 492 1943 et
520 1905 713 1943 enodandi
745 1904 969 1953 methodus,
1006 1919 1123 1956 quam
1152 1905 1387 1956 analyticam
1417 1906 1593 1956 dicimus,

110 1980 149 2010 et
187 1973 290 2023 quod
329 1975 497 2024 repperit
538 1986 664 2010 rerum
707 1974 936 2024 principium
981 1972 1030 2010 ab
1070 1972 1208 2010 iisdem
1250 1979 1439 2011 tentatum
1480 1981 1595 2026 atque

191 2072 219 2110 ¹⁸¹)
262 2074 414 2113 Γέγραφε
438 2070 473 2102 δὲ
496 2075 553 2102 καὶ
576 2075 612 2102 έν
635 2074 731 2102 ἔπεσι
755 2075 811 2102 καὶ
836 2071 991 2113 ἐλεγείαις
1015 2075 1071 2102 καὶ
1096 2066 1231 2112 ἰάμβοις
1263 2074 1342 2105 καθ’
1369 2072 1507 2114 Ὁμήρηυ
1539 2076 1595 2104 καὶ

105 2122 262 2153 ‘llmodov
279 2123 477 2153 ἐπικόπτων
503 2125 618 2153 αὐτῶν
641 2125 681 2154 τὰ
708 2127 785 2161 περὶ
812 2124 906 2153 θεῶν
931 2123 1099 2161 εἰρημένα.
1144 2124 1246 2164 Diog'.
1271 2125 1385 2156 Laert.
1409 2125 1468 2156 IX.
1499 2127 1546 2158 19.

193 2176 376 2217 Propterea
400 2174 523 2207 Timon
548 2185 601 2216 ap.
628 2175 716 2207 Sext.
744 2175 837 2215 Emp.
862 2174 982 2216 Pyrrh.
1006 2175 1030 2205 Ι.
1053 2176 1103 2207 33.
1130 2176 1200 2207 223.
1225 2186 1300 2207 eum
1324 2176 1425 2208 dicit:

196 2228 411 2267 Ξεινοφάνην
441 2228 619 2267 ὑπάτυφον
639 2227 851 2267 Ὀμηρυπιὶην
883 2228 1091 2264 ἐπικώπτηι.
1158 2228 1225 2260 Cfr.
1260 2229 1347 2260 Sext.
1381 2229 1476 2271 Eanp.
1514 2231 1591 2261 adv.

110 2281 215 2313 Math.
240 2281 300 2312 IX.
327 2281 388 2312 193
414 2283 447 2309 et
470 2279 494 2309 I.
518 2280 588 2311 289.

367 2331 486 2361 Πάντα
512 2332 610 2365 θεοῖς
636 2330 815 2368 ἀνέθηκαν
834 2330 973 2372 ’Όμηρός
997 2331 1031 2362 θ’
1056 2328 1209 2364 “Ησιόὃ(”ς
1231 2344 1267 2361 ἰε

355 2383 455 2415 ‘'Oaua
492 2383 571 2424 παρ’
596 2383 838 2423 ἀνθρώποισιν
861 2382 993 2415 ὀνειδεα
1017 2387 1075 2415 καὶ
1096 2383 1200 2426 ψόγος
1223 2386 1324 2415 ἐστίν.

366 2439 432 2466 Καὶ
458 2434 578 2466 πλεῖστ’
608 2435 823 2478 ἐφθέγξαντο
838 2433 944 2467 ’θεῶν
970 2437 1155 2476 ἀθεμίστια
1179 2437 1268 2478 ἔργα·

363 2487 539 2527 Κλέπτειν,
564 2487 734 2526 μοιχεύειν
757 2501 792 2519 τε
818 2491 874 2519 καὶ
898 2487 1052 2526 ἀλλήλους
1075 2487 1269 2519 &nautium

111 2540 308 2581 Composuit
332 2540 390 2572 hos
413 2550 530 2572 versus
554 2541 601 2572 ita
626 2540 772 2572 Karsten
794 2552 826 2582 p.
849 2541 899 2572 44.
924 2540 1002 2582 Frg.
1028 2540 1104 2571 VlI.
1127 2543 1161 2571 et
1183 2540 1317 2581 accepit
1343 2540 1492 2573 Mullach
1516 2540 1594 2582 Frg.

109 2592 232 2634 philos.
251 2592 371 2624 Graec.
394 2592 562 2633 (Xenoph.
587 2593 630 2632 7.)
