1665 2793
728 88 987 127 -26-

110 189 304 230 hominem
333 191 384 230 ad
411 191 656 230 honestatem
682 192 958 244 appetendam:
987 192 1188 232 honestam
1216 191 1319 229 enim
1344 192 1430 243 ipse
1445 192 1596 243 sapien—

110 259 206 297 tiam
235 272 344 298 suam
372 259 614 310 praedicavit
629 259 681 307 *).
1136 255 1147 269 ⁸

215 326 346 377 Atque
374 327 429 365 ita
452 326 719 378 Xenophanes
746 327 849 366 hunc
875 328 1044 367 fructum
1072 341 1122 365 ex
1149 325 1396 379 philosophia
1415 328 1597 378 percepit,

112 400 165 441 ut,
192 394 265 432 etsi
291 395 332 432 in
359 408 488 433 rerum
516 400 658 433 natura
685 395 839 433 virtutis
875 396 1067 448 principia
1104 408 1183 432 non
1221 394 1431 442 inveniret,
1467 401 1597 433 tamen

112 466 280 498 mentem
309 475 418 500 suam
447 458 502 499 ita
528 461 734 511 excoleret,
771 467 813 500 ut
840 462 890 501 ad
918 462 1024 501 illam
1052 478 1202 504 morum
1230 469 1440 517 praecepta
1469 469 1599 513 posset

112 529 266 568 referre.
320 530 406 567 Etsi
433 530 623 581 ¹virtutem
651 530 794 568 referre
830 544 907 568 non
945 537 1077 582 posset
1114 533 1165 570 ad
1199 531 1467 584 philosophiae
1506 543 1598 568 suae

112 603 240 648 caput,
267 596 308 634 id
335 602 394 635 est
422 596 472 635 ad
500 597 719 648 opinionem
748 597 796 637 de
824 597 887 636 dei
913 612 1119 651 rerumque
1146 606 1298 650 natura,
1338 605 1467 638 tamen
1497 603 1599 636 certe

112 664 382 717 philosophiae
419 665 548 703 studio
577 679 622 704 eo
650 666 843 705 adductus
871 672 948 715 est,
993 673 1036 705 ut
1072 669 1202 707 animo
1240 668 1394 706 exculto
1432 666 1481 705 ab
1518 667 1624 716 opi—'

112 733 228 771 nione
257 732 305 771 de
334 734 454 771 animi
488 732 650 771 humani
692 733 883 785 dignitate
910 735 1065 773 virtutis
1094 736 1284 788 principia
1312 734 1489 774 ducenda
1515 747 1599 772 esse

113 806 299 839 censeret.

218 867 283 906 Ad
316 881 432 919 quam
472 880 625 919 semper
652 867 862 918 respiciens
890 873 1038 906 certum
1066 870 1162 908 satis
1193 870 1344 908 virtutis
1372 868 1600 922 principium

114 936 305 988 reperisse
333 936 496 974 videtur.

218 1004 281 1041 Ex
309 1003 374 1041 illo
403 1002 655 1041 humanitatis
685 1003 841 1052 fastigio
870 1016 992 1053 agens
1020 1003 1135 1042 homo
1162 1005 1246 1056 ipse
1275 1004 1350 1042 sibi
1384 1018 1484 1042 unus
1521 1017 1600 1042 om—

115 1072 181 1109 nia
200 1076 270 1119 est,
303 1071 386 1123 ipse
406 1069 479 1108 sibi
508 1071 719 1122 praecipit,
755 1071 838 1121 ipse
866 1077 925 1109 est
952 1071 1148 1109 actionum
1177 1085 1333 1110 suarum
1361 1072 1457 1110 finis.
1513 1072 1602 1110 Huc

116 1140 247 1177 omnia
276 1138 373 1176 benc
401 1138 560 1176 vivendi
596 1144 776 1189 recteque
813 1138 982 1176 faciendi
1015 1139 1176 1177 consilia
1212 1152 1311 1189 quae
1338 1139 1601 1190 Xenophanes

115 1207 154 1244 in
184 1206 310 1243 effatis
340 1205 432 1253 suis,
461 1210 556 1256 quot
583 1212 801 1256 supersunt,
827 1210 991 1257 possunt
1016 1205 1162 1243 referri.

222 1273 263 1310 Si
291 1272 558 1324 Xenophanes
586 1272 689 1319 dicit,
717 1286 783 1310 eas
811 1277 962 1310 tantum
992 1273 1163 1310 actiones
1191 1272 1376 1310 honestas
1394 1287 1491 1320 esse,
1519 1274 1600 1324 qui-

115 1340 189 1379 bus
210 1340 329 1379 animi
348 1339 520 1389 dignitas
540 1345 741 1390 augeatur,
765 1340 949 1390 sequitur,
977 1345 1019 1377 ut
1038 1353 1170 1377 omnes
1190 1341 1471 1388 contentiones,
1502 1354 1602 1391 quae

116 1422 193 1446 non
222 1408 397 1445 nitantur
423 1407 498 1444 nisi
526 1408 698 1458 corporis
727 1407 895 1455 viribus,
933 1419 1058 1457 neque
1085 1405 1298 1457 quidquam
1328 1413 1503 1459 spectent
1529 1409 1603 1445 nisi

118 1474 222 1512 bona
250 1475 435 1524 corporis,
463 1487 488 1511 a
517 1474 659 1512 virtute
688 1473 898 1512 abhorrere
926 1473 1209 1511 existimaverit
1223 1473 1302 1525 **).

223 1541 367 1579 Omnes
394 1541 497 1578 enim
527 1540 637 1578 ludos
666 1541 705 1578 in
734 1540 874 1590 quibus
900 1541 966 1590 qui
1003 1539 1199 1578 decertent
1236 1554 1284 1578 ne
1324 1540 1485 1579 acerbos
1519 1542 1600 1592 qui-

116 1608 202 1647 dem
225 1608 377 1646 dolores
392 1613 583 1656 recusent,
610 1608 682 1646 etsi
709 1608 796 1659 quis
815 1614 895 1646 tam
913 1607 1082 1658 perfecte
1101 1620 1168 1645 eos
1187 1613 1378 1656 exerceat,
1406 1613 1449 1646 ut
1467 1608 1600 1661 Olym-

117 1677 205 1727 piae
230 1677 352 1714 victor
380 1676 702 1726 praestantiorem
732 1675 862 1713 sedem
890 1676 930 1713 in
958 1676 1213 1713 certaminum
1243 1675 1473 1726 spectaculis
1502 1677 1600 1715 obti-

117 1749 220 1790 neat,
245 1757 377 1782 veram
407 1743 635 1793 dignitatem
662 1743 808 1781 homini
836 1756 912 1780 non
941 1741 1110 1780 deferre:
1138 1740 1375 1780 honestatem
1403 1757 1481 1781 non
1503 1758 1603 1782 com-

347 1847 381 1889 *)
398 1846 477 1878 Ἀλλ’
505 1847 576 1884 εἰκῆ
600 1845 690 1886 μάλα
714 1850 816 1876 τοῦτο
840 1847 1021 1885 νομίζεται
1044 1845 1121 1875 οὔτε
1144 1843 1279 1877 δίκαιον

451 1900 660 1940 Προκρίνειν
683 1897 803 1940 ῥώμην
825 1900 882 1935 τῆς
905 1897 1039 1939 ἀγαθῆς
1061 1898 1185 1938 σοφίης.

1224 1948 1304 1981 Atb.
1326 1950 1370 1982 X.
1392 1962 1424 1992 p.
1448 1952 1519 1984 413.

321 2003 374 2041 1Μ)
408 2000 490 2032 Ἀλλ’
517 2002 546 2032 εἰ
567 2004 630 2040 μὲν
652 2004 813 2038 ταχυτῆτι
838 1998 956 2031 ποδῶν
978 2003 1078 2039 νίκην
1099 2013 1148 2034 τις
1173 2002 1293 2043 ἄροιτο

440 2053 483 2084 ”H
507 2050 767 2093 πενταθλεύων,
794 2053 884 2082 ἔνθα
906 2052 984 2085 Διὸς
1006 2056 1142 2093 τέμενος

402 2107 478 2149 Πάρ
502 2110 614 2137 Ilione
638 2106 716 2148 ῥοῇς
738 2107 775 2135 ἐν
796 2103 965 2148 Ὀλυμπίῃ,
990 2105 1058 2135 εἴτε
1082 2104 1241 2136 πηλαίων

435 2159 481 2189 ’Ἡ
501 2162 558 2189 καὶ
581 2157 796 2195 πυκτοσύνην
822 2155 1045 2198 ἀλγινόεσσαν
1067 2158 1164 2197 έχων,

410 2212 491 2242 Εἴτε
515 2211 553 2243 τὸ
578 2208 695 2241 δεινὸν
719 2207 848 2240 ἄεθλον
872 2207 890 2239 ὃ
914 2207 1128 2250 παγκράτιον
1150 2208 1326 2241 καλέουσιν

450 2264 618 2294 Ἀυτοῖυιν
641 2265 669 2292 κ’
693 2262 744 2298 εἴη
769 2258 968 2301 κυδρότερος
989 2264 1165 2301 προσορᾷν

411 2318 482 2345 Καί
502 2328 538 2346 κε
561 2312 746 2356 προεδρίην
769 2312 920 2355 φανερὴν
942 2315 979 2344 ἐν
1002 2311 1131 2355 ἀγῶσιν
1154 2313 1275 2356 ἄροιτο

454 2370 524 2398 Καί
545 2380 604 2398 κεν
627 2365 687 2397 σῖτ’
716 2365 765 2403 εἴη
790 2362 963 2405 δημοσίων
981 2364 1135 2396 κτεάνων

408 2419 463 2450 Ἐκ
487 2419 603 2452 πόλιος
625 2422 683 2449 καὶ
705 2416 819 2459 δῶρον
845 2415 864 2447 ὅ
886 2417 921 2447 οἱ
943 2415 1116 2457 κειμήλιον
1139 2417 1200 2454 εἴη.

452 2472 531 2503 Εἴτε
558 2474 615 2502 καὶ
641 2471 800 2502 ἵπποισιν
821 2471 929 2501 ταῦτα
951 2471 979 2507 χ’
1003 2467 1141 2500 ἅπαντα
1164 2467 1270 2508 λάχοι,

417 2523 483 2556 Οὐκ
503 2524 570 2556 ἐών
598 2523 693 2559 ἄξιος
713 2521 828 2564 ὥσπερ
845 2521 942 2564 ἐγών·
966 2522 1079 2565 ῥώμης
1095 2522 1159 2563 γὰρ
1177 2521 1328 2561 ἀμείνων

450 2574 599 2618 Ἀνδρῶν
624 2573 675 2613 ἠδ’
694 2576 813 2607 ἵππων
834 2573 976 2615 ἡμετέρη
1001 2577 1112 2615 σοφίη.

1212 2625 1288 2657 Ath.
1311 2625 1353 2656 x.
1378 2637 1409 2666 p.
1433 2625 1504 2657 413.
