1665 2793
687 84 943 121 -15-

177 184 239 222 Ita
274 185 402 222 animo
448 184 636 222 distentus
674 185 785 235 quasi
823 190 861 223 et
895 185 1068 224 divulsus
1107 186 1182 225 alio
1217 192 1389 238 tempore
1426 184 1544 223 alium

76 265 117 290 se
142 250 355 302 praestitit,
392 249 644 300 diversasque
672 250 719 288 de
750 264 790 289 se
818 253 1027 290 sententias
1055 254 1271 292 concitavit.
1320 253 1460 290 Timon
1488 252 1543 287 in-

74 318 178 370 genii
205 317 381 355 acumine
409 322 447 355 et
472 316 741 356 observatione
767 320 989 358 notissimus
1017 320 1195 372 idemque
1222 333 1350 359 rerum
1370 319 1541 358 Graeca-

73 399 158 423 rum
193 385 448 435 peritissimus
484 380 699 436 ὑπάτυφον
732 387 799 423 καὶ
826 384 874 423 οὐ
904 388 1048 424 τέλειον
1073 383 1232 436 ἄτυφον
1259 387 1543 437 Xenophanem

75 452 167 490 dicit
194 454 270 501 (ap.
300 450 405 489 Sext.
433 449 545 511 Emp.
572 451 760 502 Pyrrhon.
788 452 817 491 I.
845 453 906 491 33.
933 453 1026 503 223)
1063 459 1219 505 propter
1253 456 1335 506 ejus
1363 460 1542 492 constan—

72 519 170 556 tiam.
183 518 231 554 ‘in
260 517 533 568 praedicandis
560 517 723 555 decretis
750 524 788 555 et
815 519 855 555 in
892 520 1118 568 spernendis
1155 520 1317 558 aliorum
1354 522 1540 570 opinioni-

72 585 145 623 bus
173 583 444 632 acerbitatem,
481 591 519 622 et
553 590 681 622 tamen
709 585 794 634 quis
821 584 1029 623 modestior
1065 587 1262 637 ipsiusque
1290 587 1462 626 Socratis
1491 588 1539 624 si-

72 651 206 697 milior,
233 663 349 701 quam
376 650 478 689 idem
499 650 774 701 Xenophanes,
800 652 878 701 qui,
905 664 1021 701 quum
1048 653 1147 690 falsa
1173 655 1238 690 via
1266 667 1306 691 se
1334 655 1538 691 incessisse

72 717 310 760 intellexerit,
338 731 413 755 non
443 717 596 756 dubitat
622 717 797 768 querelas
824 717 1079 768 profundere:

274 781 340 828 Ὡς
367 785 434 821 καὶ
461 781 560 833 ἐγών
586 780 732 837 ὄφελον
759 784 928 823 πυκινοῦ
954 782 1049 822 νόου
1076 783 1343 834 ἀντιβολῆσαι

274 847 674 903 ’Λμφοτερόβλεπτος
702 851 813 905 δοκέῃ
841 851 873 889 δ’
899 851 982 900 ὁδῷ
1009 848 1278 898 ἑξαπατήθην

276 913 553 967 Πρεσβυγενὴς
581 915 628 956 ἔτ’
662 914 734 955 ἐών
761 918 827 955 καὶ
855 913 1168 966 ἀπανθήριστος
1196 914 1355 965 ἁπάσης

277 983 565 1031 Σκεπτοσύνης
579 983 631 1033 *)·

71 1057 108 1089 et
134 1052 200 1102 qui
226 1065 270 1089 eo
300 1051 487 1091 audaciae
514 1052 722 1103 processit,
758 1057 801 1088 ut
827 1065 889 1088 res
918 1052 1072 1089 divinas
1099 1052 1252 1101 publice
1290 1059 1465 1104 receptas
1501 1055 1543 1090 in

67 1117 235 1155 ludibria
262 1123 449 1162 verteret,
486 1117 790 1155 misericordiam
817 1124 987 1155 nostram
1017 1118 1195 1166 concitat,
1222 1132 1361 1169 quum,
1391 1133 1542 1157 summa

70 1190 265 1222 senectute
291 1184 509 1232 confectus,
536 1193 623 1221 cum
651 1184 783 1222 dolore
810 1184 978 1235 quodam
1007 1185 1058 1222 ad
1085 1186 1212 1223 irritos
1239 1186 1445 1224 multorum
1474 1200 1541 1224 an—

67 1263 205 1288 norum
230 1250 383 1289 labores
409 1251 630 1301 respiciens,
657 1255 860 1301 queratur:

214 1308 319 1364 ’Ὴδη
345 1313 486 1357 δ’έπτοέ
513 1320 600 1356 ἔασι
627 1318 694 1355 καὶ
721 1313 895 1365 ἑξήκοντ’
923 1320 1100 1357 ἐνιαυτοί

272 1383 589 1435 Βληστρίζοντες
617 1380 714 1434 ἐμὴν
741 1382 921 1434 φροντίδ’
954 1382 1010 1423 o'cv'
1038 1380 1209 1423 Ἑλλάδα
1235 1385 1320 1435 γῆν.

214 1450 282 1490 Ἐκ
309 1455 465 1502 γενέτης
493 1453 533 1490 δὲ
559 1446 608 1490 τό
635 1449 663 1489 τ’
690 1442 792 1498 ἦσαν
820 1452 960 1489 ἐείκοσι
988 1455 1105 1490 πέντε
1132 1452 1174 1490 δὲ
1202 1450 1302 1504 πρὸς
1330 1459 1425 1500 τοῖς,

271 1518 395 1570 Εἴπερ
422 1515 495 1568 ἐγὼ
523 1519 611 1570 περὶ
639 1515 749 1557 τῶνδ’
782 1516 873 1556 οἶδα
898 1519 1023 1568 λέγειν
1050 1514 1282 1569 ὲτύμως.**)

172 1586 331 1624 Summa
346 1586 565 1623 constantia
584 1591 622 1622 et
645 1586 864 1623 sinceritate
886 1599 1027 1623 numen
1052 1585 1222 1623 divinum
1249 1587 1468 1637 exquirens,
1496 1588 1537 1625 in

66 1665 141 1704 quo
155 1654 306 1691 animus
320 1653 565 1703 acquiescere
578 1658 709 1703 posset
721 1674 764 1679 —-
780 1652 924 1689 frustra
937 1653 1066 1690 enisus
1081 1658 1147 1691 est„
1201 1652 1315 1690 Unde
1333 1652 1426 1691 illud
1454 1654 1537 1692 fieri

66 1719 349 1758 arbitraretur?
400 1720 567 1757 Dubitat
593 1732 685 1756 num
712 1720 867 1756 omnino
888 1733 1017 1757 rerum
1044 1721 1186 1757 veritas
1207 1719 1367 1769 intelligi
1396 1722 1536 1770 possit:

167 1787 249 1825 Καὶ
277 1784 325 1825 τὸ
350 1787 423 1837 μὲν
450 1777 521 1825 οὖν
549 1786 673 1839 σαφὲς
701 1785 811 1830 οὔτις
839 1782 940 1838 ἀνὴρ
968 1784 1082 1837 γένετ’
1116 1784 1205 1825 οὐδέ
1235 1801 1294 1831 τις
1323 1789 1435 1825 ἔσται

165 1853 293 1897 Εἰδὼς
320 1850 426 1905 ἀμφὶ
454 1852 564 1891 θεῶν
592 1866 634 1890 τε
660 1853 727 1890 καὶ
755 1848 862 1890 ἅσσα
888 1854 985 1903 λέγω
1013 1855 1100 1904 περὶ
1128 1855 1304 1901 πάντων,

166 1921 217 1959 Ei
242 1920 319 1972 γὰρ
348 1921 415 1958 καὶ
445 1917 496 1958 τὰ
521 1918 701 1969 μάλιστα
733 1915 845 1970 τύχοι
874 1922 1144 1970 τετελεσμένον
1171 1916 1300 1967 εἰπών,

166 1983 304 2032 Αὐτὸς
331 1985 436 2037 ὅμως
463 1983 534 2024 οὐκ
562 1984 652 2025 οἶδε·
680 1982 795 2031 δόκος
827 1985 927 2025 δ’ὲπὶ
956 1987 1057 2026 πᾶσι
1085 1990 1282 2026 τέτυκται.
1299 1987 1395 2039 ***)

166 2055 281 2093 Unde
308 2055 380 2093 etsi
408 2060 511 2092 certo
541 2053 668 2104 colligi
700 2044 848 2105 nequit,
877 2056 1031 2093 omnino
1070 2068 1155 2093 eum
1193 2068 1320 2093 rerum
1357 2060 1537 2093 naturam

63 2121 222 2160 humani
248 2122 393 2172 ingenii
421 2121 568 2159 viribus
597 2122 741 2173 percipi
767 2135 881 2172 posse
908 2122 1125 2171 negavisse,
1164 2122 1231 2158 sed
1258 2122 1313 2158 ita
1341 2121 1534 2171 judicasse

63 2202 139 2227 non
167 2196 246 2228 tam
275 2203 324 2227 ex
352 2191 478 2227 causis
506 2191 546 2227 in
573 2202 701 2226 rerum
728 2196 879 2238 natura,
916 2201 1030 2240 quam
1043 2188 1083 2225 in
1099 2188 1278 2240 opinione
1303 2190 1451 2239 positis,
1477 2195 1533 2227 ta-

164 2304 198 2345 ff)
244 2302 333 2335 Sext.
355 2302 450 2342 Emp.
478 2301 593 2342 Pyrrh.
620 2301 646 2332 Ι.
676 2303 725 2334 33.
749 2302 820 2333 224.
853 2300 1077 2342 praepositis:
1109 2305 1148 2333 ἐκ,
1176 2300 1309 2332 πολλοῖς
1337 2301 1401 2342 γὰρ
1433 2301 1536 2333 αι’»τὸν

61 2356 236 2389 ἐπαινέσας
256 2355 311 2395 (sc.
325 2353 471 2392 Timon)
491 2353 553 2384 τὸν
576 2354 776 2395 Ξενοφάνην
799 2353 842 2386 ὠς
877 2357 932 2383 καὶ
966 2353 1040 2385 τοὺς
1074 2350 1200 2384 σίλλους
1231 2353 1323 2391 αὐτῷ
1355 2353 1535 2384 ἀναθεῖναι

62 2409 217 2446 ἐποίησεν
240 2407 345 2438 αὑτὸν
368 2403 573 2446 ὀδυρόμενοι·
594 2409 651 2437 καὶ
676 2405 824 2449 λέγοι-ττι·

150 2459 208 2500 Η)
252 2458 351 2500 Diog.
375 2457 487 2488 Laert.
508 2456 567 2490 IX.
592 2457 640 2489 19.

130 2511 206 2552 *⁴**)
250 2511 337 2543 Sext.
362 2510 457 2551 Emp.
481 2509 556 2541 adv.
581 2509 684 2542 Math.
709 2508 784 2541 VII.
806 2510 848 2541 49
871 2510 1000 2547 et110.‚
1025 2507 1118 2540 VIII.
1141 2507 1212 2539 326.
1236 2507 1293 2537 cfr.
1318 2508 1400 2540 Plut.
1426 2519 1533 2551 symp.

60 2560 120 2595 1x.
142 2573 175 2606 p.
198 2564 270 2599 746.
292 2562 346 2594 a:

383 2606 491 2635 Ταῦτα
516 2601 719 2640 δεδόξασται
741 2606 803 2644 μὲν
828 2604 964 2634 ἐοικότα
988 2604 1056 2633 τοῖς
1078 2603 1239 2641 ἐτύμοισι.
