1665 2793
707 65 936 102 -8-

81 167 118 204 ei
146 165 335 213 debuerit,
361 179 480 217 quum
515 172 554 204 et
588 171 698 204 aetas
735 171 774 204 et
811 165 988 205 doctrina
1022 166 1123 205 illius
1164 167 1237 205 viri
1275 167 1432 217 ignotae
1472 168 1559 206 sint.

80 233 264 272 Archelai
299 246 388 271 eum
423 233 655 286 discipulum
689 234 809 272 fuisse
842 239 961 284 negat
986 233 1175 283 Mullach,
1209 234 1315 286 quod
1347 240 1558 287 temporum

82 301 181 340 ratio
209 300 390 351 videatur
418 300 585 339 obstare.
639 301 773 353 Neque
799 300 863 340 ille
889 301 1043 351 longius
1069 300 1171 340 hanc
1191 302 1454 353 quaestionem
1482 302 1557 340 dis-

83 374 221 419 ceptat,
249 366 456 405 absolvens
482 380 563 405 rem
582 367 714 406 verbis
742 367 865 406 hisce:
892 368 1049 416 „Quare
1076 367 1241 416 fuerunt,
1268 370 1333 419 qui
1359 382 1447 407 eum
1474 369 1557 408 nul-

82 435 157 474 lius
185 434 402 474 auditorem
440 434 560 472 fuisse
596 433 911 473 arbitrarentur.“
965 434 1141 483 Quorum
1179 437 1392 474 sententiae
1427 449 1558 475 assen-

81 503 181 542 tiens
207 507 310 541 recte
331 501 530 554 judicasse
557 501 721 542 videtur.

185 570 346 608 Minime
383 574 511 607 autem
549 569 862 607 contenderimus
902 568 1042 607 nullius
1085 569 1238 608 omnino
1275 569 1557 622 Xenophanem

81 638 323 676 institutione
336 649 448 674 usum
464 649 563 684 esse,
600 648 718 686 quum
746 642 784 673 et
802 650 852 674 ex
877 636 925 674 iis
952 649 1051 687 quae
1077 636 1214 674 leviter
1239 642 1278 674 et
1303 637 1482 674 universe
1509 637 1558 674 si-

84 705 269 756 gnificata
295 704 541 754 reperiuntur
561 702 603 753 *)
633 707 671 740 et
698 716 747 740 ex
775 708 857 741 tota
884 704 966 754 ejus
993 701 1239 754 philosophia
1273 702 1387 741 facile
1422 703 1560 753 conjici

84 771 218 824 possit,
246 783 334 808 eum
362 768 615 806 subtilissima
632 782 703 821 pro
721 768 796 807 illis
824 768 1061 820 temporibus
1089 768 1266 807 doctrina
1293 769 1422 807 fuisse.

187 837 276 876 Non
305 835 428 875 solum
465 848 564 887 quac
591 837 631 874 in
668 835 908 875 Graecorum
944 835 1085 874 scholis
1118 835 1349 875 docerentur
1384 840 1561 874 accurate

85 905 268 943 didicisse
295 902 467 950 videtur,
505 902 571 940 sed
601 903 717 940 etiam
744 903 903 953 insuper
929 908 1116 953 quantum
1143 908 1275 953 posset
1302 903 1561 952 cognitionem

84 975 421 1010 monumentorum
451 975 489 1007 et
514 968 716 1007 literarum
741 968 980 1007 Graecarum
1008 970 1175 1017 auxisse,
1210 976 1325 1020 atque
1357 975 1560 1021 poetarum

84 1045 123 1077 et
150 1036 466 1088 philosophorum
496 1049 614 1086 opera
641 1035 877 1073 intellexisse
915 1042 1030 1086 atque
1065 1037 1333 1087 perspexisse,
1373 1036 1561 1087 siquidem

84 1118 172 1143 cum
199 1102 275 1141 illis
305 1108 475 1139 certasse
501 1101 668 1139 traditur
681 1101 759 1150 **).

187 1169 253 1209 Ad
270 1169 386 1208 talem
416 1168 633 1206 doctrinam
660 1169 836 1220 pervenit
863 1168 992 1206 multis
1029 1169 1194 1207 fortasse
1224 1170 1421 1220 magistris
1457 1183 1562 1217 usuS‚

86 1244 203 1289 atquc
233 1239 264 1274 si
278 1237 393 1286 Diog.
409 1235 591 1274 Laertius
619 1241 697 1273 tres
726 1235 829 1284 dicit,
857 1236 942 1286 quis
971 1236 1042 1274 scit
1068 1249 1118 1273 an
1147 1250 1224 1274 non
1251 1237 1381 1287 plures
1409 1236 1563 1284 fuerint,

86 1305 153 1357 qui
172 1305 243 1343 etsi
263 1303 443 1343 doctrina
461 1302 719 1351 abundarent,
748 1302 949 1341 deficiente
967 1302 1203 1342 inventionis
1222 1304 1415 1352 felicitate,
1445 1317 1563 1355 quum

84 1373 176 1411 novi
203 1371 300 1409 nihil
325 1370 554 1422 proferrent,
580 1370 619 1407 in
639 1370 873 1408 oblivionem
892 1369 1098 1408 venerint?

188 1437 339 1485 Quibus
371 1436 551 1475 omnibus
589 1449 666 1474 non
701 1436 977 1487 comprobatur
1004 1435 1285 1487 Xenophanem
1313 1442 1457 1475 certam
1495 1437 1561 1474 ali-

83 1517 199 1556 quam
229 1509 375 1541 sectam
403 1504 546 1541 usitato
574 1502 680 1554 apud
707 1502 959 1554 philosophos
987 1516 1091 1540 more
1120 1509 1291 1540 secutum
1320 1518 1414 1541 esse.

187 1569 364 1618 Accedit,
403 1570 507 1620 quod
536 1575 648 1607 notas
675 1570 848 1619 priorum
879 1568 1074 1607 doctrinas
1099 1582 1176 1606 non
1207 1571 1402 1621 accepisse
1431 1570 1562 1608 videa-

84 1643 146 1675 tur
173 1650 297 1688 neque
323 1636 555 1689 principalia
582 1636 852 1688 philosophiae
882 1636 964 1687 ejus
1002 1636 1156 1674 decreta
1194 1636 1297 1688 apud
1331 1651 1564 1688 quemquam

82 1705 253 1755 priorum
281 1705 532 1754 reperiantur.
586 1704 650 1741 Ex
679 1717 749 1741 sua
775 1703 903 1741 indole
931 1704 1063 1748 nativa
1101 1703 1278 1753 protulit,
1319 1703 1564 1755 quidcunque

89 1774 448 1836 Wum'h'r]
472 1796 556 1825 νόον
579 1796 618 1826 οὐ
641 1794 804 1832 &Mansa
833 1793 1000 1826 ‘Hoiob'ov
1028 1797 1091 1836 γὰρ
1114 1795 1158 1825 ἂν
1180 1793 1335 1831 ἐδίδαξεν
1361 1798 1417 1825 καὶ
1440 1766 1561 1825 Πυτῖα-

80 1848 189 1891 γόραν
211 1844 312 1879 αὖθίς
334 1859 370 1877 τε
394 1847 590 1887 Ξενοφάνεά
615 1859 650 1877 τε
674 1850 730 1876 καὶ
752 1847 948 1878 ἶΕκιιτοιῖον.
993 1847 1093 1887 Diog.
1119 1846 1233 1878 Laert.
1255 1847 1315 1878 IX.
1343 1847 1370 1878 1.
1397 1846 1459 1878 cfr.
1478 1846 1561 1877 Kar-

83 1903 157 1931 sten
181 1910 213 1941 p.
239 1899 286 1930 13.
331 1898 414 1930 Cum
438 1898 564 1929 talibus
587 1898 668 1930 viris
692 1898 878 1940 vituperari
893 1898 1096 1940 Xenophani
1119 1898 1210 1930 haud
1239 1898 1377 1930 minima
1395 1899 1468 1929 laus
1485 1898 1563 1937 fuit,

82 1950 283 1992 praesertim
309 1960 412 1991 quum
436 1950 632 1982 Heraclitus
654 1950 778 1982 soleret
801 1961 874 1982 csse
897 1950 931 1982 in
949 1950 1139 1993 judicando
1158 1951 1330 1983 morosior.

163 2003 210 2043 **)
257 2005 409 2044 Γέγραφε
443 2000 479 2033 δὲ
508 2005 565 2033 καὶ
587 2005 624 2033 ἐν
648 2005 744 2033 ἔπεσι
767 2006 824 2033 καὶ
850 2002 1007 2044 ἐλεγείαις
1029 2001 1110 2033 καθ’
1142 2002 1282 2043 Ὁμήρου
1318 2005 1375 2033 καὶ
1394 2000 1561 2041 Ἡσιόδου,

79 2054 281 2085 ἐπικόπτων
304 2054 418 2084 αὐτῶν
440 2055 482 2085 τὰ
507 2059 584 2095 περὶ
608 2056 705 2086 θεῶν
728 2055 896 2096 εἰρημένη.
940 2054 1040 2094 Di0g.
1063 2054 1176 2085 Laert.
1201 2054 1261 2085 IX.
1285 2056 1334 2087 19.

158 2103 394 2140 Ἀντιδυξιίσιιι
416 2119 452 2136 τε
475 2106 605 2147 λέγεται
629 2104 719 2144 Θαλῆ
743 2109 799 2136 καὶ
814 2105 1012 2147 Πυθαγόρᾳ,
1036 2106 1275 2146 καθάψασθαι
1295 2105 1330 2137 δὲ
1354 2110 1410 2136 καὶ
1430 2107 1561 2146 Ἐπιμε-

80 2155 186 2189 νίδου.
231 2156 331 2199 Diog.
356 2156 470 2189 Laert.
495 2157 554 2188 lX.
579 2159 625 2190 18.

163 2208 280 2251 Magni
301 2208 524 2249 Xenophanis
548 2209 736 2241 doctrinam
761 2209 865 2240 habet
887 2208 1016 2239 Krause
1039 2208 1174 2247 (Gesch.
1189 2208 1248 2239 der
1265 2208 1458 2250 Erziehung
1474 2207 1497 2252 ξ
1516 2209 1560 2248 3),

79 2260 200 2303 quide
222 2259 342 2302 puerili
378 2260 560 2302 disciplina
591 2261 626 2292 in
649 2261 767 2293 Ionum
801 2260 995 2292 civitatibus
1031 2260 1155 2291 usitata
1185 2260 1353 2292 disserens
1376 2259 1559 2301 Xenopha-

79 2323 153 2344 nem
177 2316 352 2353 memorat,
381 2313 437 2355 qui
465 2314 675 2345 educationis
699 2314 859 2345 rationem
887 2313 1009 2344 mutari
1032 2312 1187 2352 voluerit,
1212 2313 1398 2354 eodemque
1415 2323 1490 2344 eum
1509 2322 1558 2343 re-

79 2365 154 2405 fert,
180 2375 246 2405 quo
272 2365 459 2404 Platonem,
483 2365 539 2406 qui
564 2365 745 2396 Homerum
771 2369 804 2395 et
828 2365 1013 2396 Hesiodum
1038 2364 1253 2406 reliquosque
1277 2367 1394 2405 poetas
1420 2375 1436 2395 e
1461 2374 1557 2405 repu-

78 2416 170 2447 blica
199 2416 383 2457 ejiciendos
414 2416 673 2448 existimaverit.
717 2416 828 2448 Etiam
853 2416 1074 2448 Graefenhan
1098 2416 1239 2457 (Gesch.
1263 2416 1294 2447 d.
1318 2416 1508 2458 Philologie
1532 2415 1555 2459 ξ

78 2468 130 2508 42)
152 2468 409 2509 Xenophanem,
434 2472 600 2509 quatenus
624 2468 762 2499 Homeri
785 2468 937 2498 carmina
959 2467 1185 2508 recensuerit,
1209 2467 1414 2508 describens,
1438 2469 1486 2498 ita
1511 2469 1557 2498 in-

78 2518 176 2560 cipit:
223 2518 453 2561 Xenophanes
487 2519 546 2550 der
586 2518 854 2561 ausgekliirteste
878 2518 1025 2550 Grieche
1054 2518 1233 2551 innerhalb
1266 2519 1435 2551 mehrerer
1457 2518 1556 2550 dabr—

79 2570 245 2603 hunderte
267 2574 329 2603 etc.
