1665 2793
714 91 964 130 -22—

100 197 230 230 autem
257 193 358 233 inter
396 195 597 245 utriusque
635 192 856 245 philosophi
897 194 1118 247 opinionem
1156 193 1216 233 vel
1253 195 1442 244 maxime,
1482 195 1586 247 quod

104 261 370 313 Xenophanes
406 269 543 312 negat,
584 261 758 300 divinum
796 252 938 300 numen
982 263 1023 300 in
1050 263 1190 301 animis
1218 263 1415 301 hominum
1442 263 1588 312 vigere,

105 328 319 367 humanum
348 329 520 368 animum
549 328 612 367 dei
639 327 917 377 intelligentiae
944 334 1094 380 partem
1122 344 1218 369 esse.
1272 330 1457 368 Animum
1485 330 1586 368 enim

105 410 181 434 non
221 396 344 436 divini
381 397 535 448 generis
574 396 642 435 sed
679 395 836 447 πνεῦμα
869 410 954 435 esse
991 397 1085 435 dicit
1098 397 1151 446 *).
1205 398 1246 437 Si
1282 403 1408 437 autem
1436 398 1588 436 animus

103 460 263 515 (ψυχὴ),
300 478 414 515 quem
441 463 699 502 immortalem
728 463 925 501 hominum
960 470 1109 514 partem
1137 464 1199 502 vel
1233 470 1320 515 post
1351 470 1515 502 mortem
1548 464 1588 501 in

103 529 238 568 inferis
273 544 475 569 remanere
503 530 643 569 Graeci
671 529 959 579 existimabant,
996 544 1073 569 non
1102 530 1224 570 divini
1252 532 1404 582 generis
1432 537 1502 581 est,
1529 544 1587 570 se—

105 599 247 649 quitur,
278 605 320 637 ut
347 612 481 650 neque,
510 597 836 650 quemadmodum
865 598 1037 650 Spinoza
1067 599 1160 647 vult,
1185 613 1273 637 cum
1302 600 1374 638 deo
1402 600 1441 636 in
1469 612 1587 636 unum

106 665 230 714 coire,
259 679 403 717 neque,
442 665 612 705 humana
639 663 837 704 voluntate
864 679 951 704 cum
980 665 1113 705 divina
1140 673 1396 718 congruente,
1423 666 1589 706 hominis

90 733 231 772 ,virtus
251 733 394 773 divinis
424 733 523 785 (sive
544 734 724 783 naturae)
739 732 891 784 legibus
911 734 1109 775 efficiatur.
1164 735 1241 773 Sed
1261 735 1433 787 sequitur
1461 735 1589 784 etiam,

109 806 151 838 ut
169 799 208 838 in
226 800 485 853 Xenophanis
504 801 691 852 religione
718 815 798 840 non
825 799 960 839 eadem
988 803 1149 851 ratione,
1176 816 1253 855 qua
1272 803 1311 841 in
1331 801 1591 855 Spinozismo,

107 868 270 906 liberum
299 868 468 907 hominis
496 868 700 908 arbitrium
728 869 854 919 perire
882 869 1015 920 possit.

212 954 351 1006 Itaque
380 955 652 1008 Xenophanis-
691 955 980 1007 pantheismum
1009 970 1054 993 ca
1082 956 1232 994 virtutis
1259 956 1462 1008 principia,
1494 969 1593 1007 quae

110 1017 338 1060 Stoicismus
377 1023 438 1062 vel
465 1023 747 1075 Spinozismus,
788 1023 1026 1062 continuisse
1068 1036 1116 1060 ex
1156 1023 1204 1061 iis
1245 1036 1345 1075 quae
1387 1029 1594 1075 supersunt

110 1088 282 1141 reliquiis
320 1091 471 1130 ostendi
510 1106 587 1130 non
621 1098 759 1144 potest.
812 1091 1098 1130 Perlustrantes
1132 1097 1261 1129 autem
1299 1098 1427 1129 cetera
1461 1090 1592 1128 Xeno-

112 1156 252 1208 phanis
281 1158 397 1206 dicta,
426 1158 566 1210 quibus
595 1159 770 1197 divinum
798 1173 939 1196 numen
969 1157 1186 1209 descripsit,
1216 1159 1473 1209 exquircmus,
1501 1171 1592 1195 num

113 1225 270 1263 omnino
299 1238 348 1263 ex
375 1225 423 1264 iis
454 1225 606 1264 virtutis
632 1225 826 1278 principia
854 1226 942 1264 duci
969 1225 1174 1277 potuerint.

217 1308 263 1347 In
290 1308 355 1347 illo
383 1309 431 1347 de
458 1323 534 1360 quo
562 1310 641 1360 jam
671 1308 840 1347 diximus
868 1309 999 1348 effato:

265 1374 367 1416 Ἀλλ’
400 1371 612 1415 &advenas
639 1371 780 1415 πόνοιο
807 1371 904 1415 νόου
932 1378 1045 1430 φρενὶ
1071 1374 1209 1415 πάντα
1241 1376 1452 1427 κραδαίνει.

115 1445 163 1483 de
197 1445 349 1483 ratione
376 1444 530 1496 quidem
559 1444 730 1495 loquitur
757 1444 1042 1495 Xenophanes,
1079 1443 1148 1482 sed
1175 1457 1260 1482 eam
1299 1450 1376 1482 nen
1404 1445 1457 1482 ita
1485 1457 1595 1495 prae-

110 1511 234 1560 dicat,
264 1517 306 1550 ut
332 1524 476 1563 ponere
504 1511 710 1563 possimus,
734 1510 1019 1563 Xenophanem
1041 1524 1181 1549 numen
1201 1512 1373 1549 divinum
1393 1523 1598 1563 personam

121 1593 206 1617 esse
244 1580 497 1618 existimasse.
561 1578 744 1629 Sequitur
780 1578 870 1616 inde
906 1585 948 1616 ut
982 1577 1135 1616 divinus
1171 1579 1306 1617 mundi
1340 1579 1433 1617 ordo
1470 1577 1596 1616 locum

124 1646 268 1684 habere
295 1660 372 1685 non
399 1646 523 1698 possit
548 1658 672 1697 neque
701 1645 923 1696 benignitas
953 1644 1014 1683 dei
1042 1659 1166 1697 neque
1177 1641 1340 1697 'justitia
1350 1675 1360 1694 ‚
1396 1651 1510 1696 atque
1538 1644 1598 1682 vis

120 1714 206 1762 illa,
243 1728 358 1765 quam
389 1714 451 1752 dei
478 1714 676 1765 propriam
713 1713 979 1765 Xenophanes
1006 1714 1228 1764 praedicat,
1262 1728 1309 1752 ea
1335 1720 1414 1761 est,
1450 1714 1490 1750 in
1518 1726 1594 1763 qua

120 1795 229 1819 mens
257 1787 297 1819 et
323 1782 422 1819 ratio
452 1781 692 1819 desideretur
719 1786 758 1819 et
776 1793 894 1831 quam
912 1778 1178 1818 mechanicam
1198 1780 1420 1820 dixerimus
1465 1779 1598 1818 Facile

121 1848 349 1899 intelligitur
375 1848 430 1886 illi
455 1849 603 1887 numini
632 1861 764 1886 omnes
791 1862 858 1886 eas
877 1849 1040 1886 virtutes
1060 1847 1205 1896 deesse,
1231 1861 1328 1899 quas
1347 1847 1465 1896 vulgo
1483 1846 1598 1885 theis-

123 1929 209 1953 mus
237 1915 309 1953 deo
338 1915 495 1954 tribuat.
548 1915 611 1953 Ita
637 1915 764 1952 inanis
791 1914 945 1953 videtur
972 1915 1034 1954 dei
1059 1916 1179 1964 notio,
1205 1928 1320 1966 quam
1337 1913 1602 1966 Xenophanes

124 1983 315 2035 repperit,
360 1988 403 2022 ut
438 1982 543 2021 nulla
569 1983 713 2030 virtus,
759 1982 906 2022 nullum
935 1983 1103 2022 officium
1131 1983 1182 2022 ad
1211 1996 1296 2022 eam
1323 1982 1470 2031 referri,
1497 1980 1601 2019 nullo

125 2050 241 2088 modo
268 2063 395 2088 mores
421 2064 468 2088 ea
494 2050 729 2088 conformari
756 2051 915 2102 possint.

229 2134 391 2175 Planius
419 2134 534 2173 etiam
559 2127 825 2186 Xenophanes
853 2134 1022 2173 ostendit
1049 2134 1243 2173 hominem
1280 2133 1385 2172 nulla
1419 2132 1605 2182 religione

125 2218 213 2243 cum
242 2203 315 2241 deo
343 2202 590 2254 conjunctum
619 2215 702 2239 esse
729 2202 768 2238 in
797 2201 922 2240 effatis
950 2202 1030 2239 suis
1050 2201 1098 2239 de
1116 2201 1364 2248 divinatione,
1391 2200 1439 2238 de
1456 2199 1604 2238 Leuco-

126 2273 242 2312 theae
268 2270 387 2320 cultu,
416 2269 463 2308 de
486 2270 575 2321 jure
600 2269 776 2322 jurando.
837 2270 1129 2308 Divinationem
1158 2268 1330 2308 funditus
1359 2267 1514 2307 sustulit
1527 2267 1607 2315 **),

213 2431 241 2470 *)
283 2431 352 2460 Καὶ
376 2428 394 2463 ἡ
418 2427 504 2468 ψυχὴ
530 2429 670 2467 πνεῦμα.
709 2426 809 2467 Diog.
834 2425 1030 2469 LaertrlX.
1056 2426 1105 2457 19.

192 2488 239 2522 Ιθυ’·)
282 2481 350 2513 Cic.
374 2480 407 2511 d.
431 2479 507 2510 Div.
533 2479 557 2511 1.
580 2480 608 2510 3.
634 2480 670 2511 5:
721 2476 1008 2518 Philosophorum
1043 2486 1120 2508 vero
1154 2474 1417 2516 exquisitissima
1440 2473 1606 2514 quaedam

129 2537 417 2577 argumentarcur
439 2535 528 2562 esset
550 2540 630 2563 vera
655 2530 817 2562 divinatio
849 2529 991 2561 collecta
1021 2532 1109 2567 sunt,
1134 2539 1151 2559 c
1174 2526 1297 2570 quibus
1322 2529 1360 2558 ut
1382 2526 1424 2558 de
1446 2525 1607 2566 antiquis-

130 2588 220 2619 simis
244 2587 365 2628 loquar
387 2582 617 2625 Colophonius
639 2582 881 2625 Xenophanes,
911 2592 999 2614 unus
1025 2581 1081 2623 qui
1105 2581 1186 2613 deos
1209 2589 1282 2611 esse
1304 2579 1457 2610 crederet
1480 2577 1608 2609 divina-

129 2640 254 2672 tionem
276 2637 429 2670 fundit-us
453 2635 597 2668 sustulit,
