1665 2793
720 91 977 130 -24-

112 200 243 245 ptores
262 196 548 249 Xenophanem
575 195 780 248 physicum
811 194 1113 247 appellaverint3
1144 196 1200 235 ita
1219 195 1361 235 Strabo
1386 195 1511 247 (XIV.
1530 197 1592 236 28.

107 275 142 311 p.
171 263 256 301 643.
286 263 344 303 ed.
373 263 563 313 Casaub.)
592 263 764 313 scripsit:
806 256 1052 315 Ξενοφάνης,
1080 260 1102 302 ὁ
1130 259 1311 316 φυσικὸς,
1339 260 1360 302 ὁ
1389 259 1485 308 τοὺς
1511 264 1589 302 σι’λ-

106 329 199 373 λους
226 327 417 380 ποιήσας,
453 337 492 369 et
525 330 721 369 Eusebius
750 334 849 373 (can.
879 329 1008 370 chron.
1037 331 1088 368 ad
1116 330 1175 370 Ol.
1203 332 1263 370 60.
1293 345 1325 371 a.
1354 333 1394 379 2)
1423 332 1591 370 notavit:

106 392 340 450 Ξενοφάνης
367 400 435 438 καὶ
461 397 694 445 Φωκυλίδης
723 396 948 449 ἐγνωρίζετο
961 397 1013 449 *).
1053 397 1192 450 Itaque
1219 398 1314 438 illud
1341 394 1386 438 ἒν
1413 400 1482 437 καὶ
1509 398 1592 438 πᾶν

107 464 179 502 etsi
207 479 284 504 non
311 466 413 506 idem
444 467 506 513 sit,
535 466 639 518 quod
666 479 854 519 corporea
871 464 1093 505 lonicorum
1121 465 1437 519 philosophorum
1463 481 1592 506 rerum

107 533 317 585 principia,
347 535 415 573 sed
442 534 558 585 longe
587 534 787 582 subtilius,
815 528 946 571 man'et
972 540 1125 583 tamen,
1161 534 1265 584 quod
1304 548 1384 573 non
1411 548 1458 573 ea
1485 535 1592 573 attri-

108 598 203 637 buta
229 602 393 641 moralia
420 602 549 651 habet,
577 601 627 640 ad
654 615 755 653 quae
791 613 942 639 morum
975 600 1181 653 disciplina
1210 603 1333 653 possit
1358 602 1494 641 referri
1514 603 1591 650 **).

112 666 367 720 Philosophia
404 670 663 722 Xenophanis
709 669 866 707 moralis
905 682 991 706 cum
1035 668 1185 720 reliqua
1221 669 1304 721 ejus
1349 669 1594 721 philosophia

108 734 214 773 nulla
246 737 397 775 ratione
432 737 639 776 cohaerere
675 737 839 774 videtur.
906 736 1097 774 Doctrina
1134 736 1389 789 Xenophanis
1425 737 1594 785 moralis,

109 802 181 840 etsi
218 803 301 854 ejus
336 804 606 857 philosophiae
640 804 872 856 principium
906 804 946 841 in
985 803 1182 854 theologia
1220 811 1258 843 et
1296 804 1481 854 religione
1507 818 1592 843 ver-

110 875 236 917 satur,
265 884 343 909 non
370 873 589 910 continetur
625 871 810 921 religione
846 871 913 908 sed
954 870 1035 909 sola
1070 872 1241 920 ratione,
1278 885 1354 910 non
1393 871 1443 909 ad
1480 871 1592 910 deum

107 936 328 976 referuntur
355 952 505 977 morum
534 945 744 991 praecepta
772 938 840 976 sed
868 938 918 976 ad
945 937 1148 978 hominem.

215 1005 330 1054 Quod
366 1019 489 1056 genus
517 1007 673 1044 virtutis
703 1019 820 1057 quum
846 1019 923 1044 non
952 1006 1121 1043 exerceri
1141 1006 1265 1055 possit
1283 1006 1355 1044 nisi
1376 1006 1425 1044 ab
1445 1020 1502 1055 eo,
1530 1007 1594 1058 qui

109 1070 287 1121 politiore
322 1072 561 1112 humanitate
593 1073 794 1125 praeditus
833 1074 900 1120 sit,
932 1072 1096 1112 liberum
1135 1072 1336 1111 arbitrium
1375 1073 1595 1122 obtinuerit,

110 1138 276 1190 denique
304 1141 424 1178 animi
453 1142 513 1178 sui
542 1141 822 1191 praestantiam
842 1146 946 1178 recte
966 1141 1241 1188 aestimaverit,
1268 1142 1444 1191 quaestio
1464 1142 1595 1190 oritur,

110 1219 203 1244 num
231 1207 270 1245 in
300 1206 547 1259 Xenophane
573 1207 660 1247 illae
689 1209 843 1247 virtutis
872 1221 1014 1246 causae
1043 1209 1294 1260 reperiantur.

214 1274 440 1313 Politiorem
459 1275 742 1314 humanitatem
757 1277 797 1313 in
814 1275 1057 1327 Xenophane
1072 1276 1202 1323 fuisse,
1216 1288 1374 1313 necesse
1387 1289 1465 1314 non
1480 1282 1539 1314 est
1553 1282 1595 1313 ut

111 1341 360 1390 singulariter
387 1342 693 1394 comprobemus.
732 1342 917 1381 Liberum
938 1344 1019 1394 ejus
1040 1343 1242 1381 arbitrium
1260 1343 1591 1395 circumscriptum

112 1414 150 1447 et
176 1409 326 1448 finitum
355 1424 432 1448 non
460 1416 563 1458 erat,
592 1425 716 1462 neque
744 1410 971 1462 disciplinae
998 1410 1112 1449 ullius
1140 1409 1440 1456 consuetudine,
1469 1424 1593 1462 neque

111 1477 358 1528 opinionibus
378 1479 623 1529 praesumtiS,
650 1492 775 1530 neque
794 1477 856 1516 dei
876 1479 1107 1529 cognitione,
1135 1479 1189 1516 ita
1207 1483 1250 1515 ut
1268 1478 1592 1529 quemadmodum

112 1544 285 1596 Spinoza
313 1552 417 1584 totus
446 1560 533 1584 cum
562 1546 633 1585 deo
662 1548 801 1595 coiret,
839 1546 899 1585 vel
929 1545 1253 1597 quemadmodum
1282 1545 1422 1586 Graeci
1450 1554 1592 1585 temere

113 1612 273 1650 deorum
311 1613 577 1652 voluntatibus
614 1620 778 1665 pareret.
842 1613 962 1651 Liber
990 1619 1027 1650 et
1064 1612 1210 1651 solutus
1246 1625 1357 1650 suum
1391 1609 1591 1648 arbitrium

112 1680 221 1731 sequi
246 1680 373 1732 potuit
398 1680 673 1732 Xenophanes.

215 1747 514 1787 Excutientibus
543 1755 671 1787 autem
695 1749 971 1800 quaestionem,
999 1761 1091 1786 num
1111 1746 1376 1798 Xenophanes
1400 1747 1454 1783 ita
1472 1745 1591 1783 animi

112 1815 172 1852 sui
195 1816 476 1865 praestantiam
505 1817 679 1864 senserit,
724 1821 766 1853 ut
799 1815 849 1853 ad
887 1828 971 1853 eam
1011 1829 1124 1854 omne
1151 1815 1320 1852 officium
1347 1812 1592 1852 referendum

113 1882 364 1932 existimaret,
393 1883 444 1922 ad
472 1883 547 1922 duo
577 1884 659 1936 ejus
688 1883 889 1922 effatorum
917 1883 1198 1934 respiciendum
1213 1883 1327 1921 nobis
1347 1888 1413 1921 est.
1469 1880 1594 1927 Prius,

112 1950 223 2001 cujus
243 1950 330 2002 jam
359 1965 477 2004 supra
504 1952 740 1991 mentionem
765 1951 937 2000 fecimus,
964 1951 1153 2002 reperitur
1181 1950 1284 2003 apud
1314 1951 1474 1989 Sextum
1502 1948 1593 1986 Em-

111 2018 274 2069 piricum
303 2019 457 2071 (Pyrrh.
486 2020 514 2058 I.
544 2020 603 2060 33.
633 2021 737 2068 223),
777 2019 844 2057 ubi
879 2018 1018 2057 Timon
1046 2018 1329 2069 Xenophanem
1371 2017 1466 2055 haec
1503 2016 1597 2052 facit

111 2085 321 2124 dicentem:

316 2150 382 2198 Ὡς
411 2154 479 2192 καὶ
507 2150 606 2204 ἐγών
633 2151 780 2208 ὄφελον
807 2152 978 2193 πυκινοῦ
1004 2154 1102 2192 νόου
1131 2151 1400 2203 ἀντιβολῆσαι

315 2217 717 2274 Ἀμφοτερόβλεπτος
745 2221 857 2275 δοκέῃ
884 2218 1010 2270 δ’ὃδῷ
1038 2216 1309 2268 ὲξαπατήθην

322 2285 601 2341 Πρεσβυγενὴς
625 2286 672 2329 ἔτ’
706 2288 779 2329 ἐών
807 2290 874 2328 καὶ
901 2286 1213 2340 ἀπανθτξριστος
1240 2286 1399 2334 ἁπάσης

318 2355 617 2404 Σκεπτοσύνης.

200 2486 230 2523 *)
278 2480 474 2520 Φωκυλίδης
498 2486 555 2512 καὶ
576 2484 772 2524 Ξενοφάνης
795 2481 951 2524 φυσικός.
965 2505 992 2514 ..
1015 2483 1226 2523 ἑγνωρίζετο.

177 2536 223 2567 **)
267 2533 382 2567 Selbst
405 2533 466 2564 das
489 2533 670 2566 elvatischc
687 2533 766 2567 Sein
792 2534 857 2565 und
885 2533 945 2565 das
963 2531 1217 2565 heracliteische
1239 2532 1385 2564 Werden
1410 2532 1484 2564 sind
1509 2532 1594 2564 noch

114 2586 209 2618 nicht
233 2587 325 2619 reine
348 2585 825 2628 Gedankenbestimmungen,
862 2586 1006 2618 sondern
1039 2585 1126 2618 noch
1163 2585 1325 2617 materiell
1347 2586 1503 2627 gesarbte
1526 2586 1594 2617 Αιι-

113 2643 350 2681 schauungen‚
373 2638 624 2680 verunreinigte
649 2638 796 2682 Begriffe
818 2643 880 2671 etc.
925 2638 1133 2682 Schwegler,
1164 2637 1286 2670 Gesch.
1310 2637 1339 2668 d.
1364 2637 1489 2669 Philos.
1512 2648 1544 2680 p.
1565 2639 1595 2670 3.
