1665 2793
668 116 919 154 -29—

62 222 115 262 illi
142 219 298 272 quidem
322 219 399 258 -viri
428 218 477 258 ad
505 216 812 256 conservandam
845 223 883 256 et
925 217 1144 269 augendam
1185 218 1380 257 civitatem
1426 219 1535 270 quid—

64 301 177 342 quam
207 287 442 334 conferrent,
465 285 533 336 qui
559 284 790 323 excellerent
814 286 987 338 corporis
1013 286 1222 325 virtutibus
1237 287 1287 334 *).

145 354 306 405 „Itaque
343 354 570 392 existimans
595 351 876 403 Xenophanes,
913 353 1103 403 Graecos,
1138 350 1256 405 quum
1284 353 1335 391 ad
1367 355 1540 406 corporis

63 422 335 476 praestantiam
363 419 667 471 comparandam
694 421 945 470 eniterentur,
970 422 1011 459 in
1038 421 1235 460 mollitiem
1262 428 1300 460 et
1326 423 1534 473 perniciem

63 490 253 536 incidisse,
279 488 330 527 ad
357 489 651 540 temperantiam
679 494 717 526 et
744 489 974 540 sapientiam
1001 495 1254 540 perventuros
1282 503 1347 527 eos
1375 491 1535 538 censuit,

66 560 97 597 si
124 557 289 595 animos
304 556 403 594 bene
431 556 635 594 erudirent.
686 555 749 593 Ea
775 555 824 593 de
851 568 969 594 causa
987 555 1148 594 Homeri
1172 561 1210 593 et
1227 555 1390 594 Hesiodi
1406 570 1536 608 opera,

63 623 200 676 quibus
228 622 322 661 nihil
348 623 500 662 honesti
526 624 670 660 inesset
687 621 767 669 **)‚
807 636 828 659 e
856 622 995 661 scholis
1024 623 1110 673 ejici
1144 629 1182 660 et
1216 622 1257 660 id
1291 625 1534 674 potissimum

62 694 100 730 in
127 689 338 728 educandis
366 691 495 741 pueris
525 689 694 740 spectari
710 688 844 737 voluit,
870 694 914 726 ut
940 701 1017 726 non
1044 694 1125 726 tam
1151 688 1296 727 multae
1321 689 1478 728 tabulae
1497 697 1535 729 et

63 757 233 797 earmina
261 757 521 806 discerentur,
569 770 687 807 quam
713 757 831 794 animi
857 756 1079 795 meditando
1108 763 1377 795 exercerentur
1403 764 1441 796 et
1467 772 1532 796 ex—

62 825 286 873 colerentur,
323 825 426 877 quod
458 825 520 863 vel
547 824 587 861 in
622 824 771 862 minore
811 836 940 862 rerum
985 823 1258 862 discendarum
1298 825 1410 877 copia
1449 825 1533 863 fieri

88 898 190 932 osset
208 893 273 916 *ὕ*
294 925 312 932 .,

62 909 85 946 p
163 893 297 997 Pauori.
322 959 389 997 illa
417 965 625 1011 supersunt
654 959 702 997 de
726 958 868 1005 multis,
895 971 995 1008 quae
1019 957 1283 1008 Xenophanes
1312 957 1359 995 de
1386 971 1535 996 morum

61 1027 264 1079 disciplina
292 1027 464 1078 scripsit3
499 1026 619 1066 multa
647 1027 749 1066 enim
777 1025 825 1064 de
851 1024 970 1063 rebus
997 1024 1073 1063 huc
1098 1024 1381 1076 pertinentibus
1408 1028 1535 1077 egisse

59 1095 219 1141 videtur,
247 1095 436 1145 siquidem
455 1108 659 1147 perversos
679 1095 817 1132 aetatis
843 1106 935 1131 suae
964 1106 1091 1130 mores
1118 1093 1361 1131 conformare
1389 1099 1427 1131 et
1452 1108 1534 1133 cor·

61 1162 185 1212 rigere
216 1161 382 1212 studuit,
419 1168 458 1201 et
482 1176 633 1201 morum
660 1174 781 1200 causa
806 1160 1021 1199 Homerum
1048 1165 1086 1199 et
1112 1159 1327 1200 Hesiodum
1354 1162 1409 1200 ita
1436 1162 1535 1201 vitu—

60 1230 220 1292 peravit,
255 1236 303 1268 rut
342 1236 543 1282 poetarum
578 1230 730 1269 illorum
757 1228 1032 1267 acerbissimus
1059 1228 1306 1266 adversarius
1334 1229 1534 1269 diceretur.

62 1296 139 1335 Sed
157 1296 354 1335 sufficiunt
366 1298 537 1348 exiguae
556 1297 643 1336 illae
660 1296 856 1348 reliquiae,
875 1301 918 1334 ut
935 1295 1181 1346 intelligatur,
1208 1309 1325 1347 quam
1344 1298 1533 1337 rationem

62 1366 100 1402 in
127 1364 392 1416 philosophiae
419 1371 529 1415 parte
555 1365 693 1403 morali
719 1370 872 1402 secutus
899 1365 960 1401 sit.

159 1431 421 1471 Proficiscitur
456 1434 538 1485 ejus
574 1432 777 1485 disciplina
819 1444 842 1469 a
875 1430 1146 1476 meditatione,
1193 1432 1327 1470 nititur
1373 1433 1533 1474 humani

61 1500 177 1537 animi
223 1505 374 1547 natura,
420 1506 621 1538 exercetur
660 1501 822 1547 ratione,
867 1498 1033 1538 hominis
1062 1499 1189 1536 animo
1217 1499 1345 1537 insita.
1399 1501 1533 1541 Animi

245 1611 272 1649 ι»)
319 1612 364 1640 Οὐ
386 1610 449 1652 γὰρ
474 1608 505 1639 εἷ
525 1610 648 1646 πύκτης
672 1610 801 1651 ἀγαθὸς
823 1608 931 1640 laona
951 1612 1064 1648 μετείη

354 1662 430 1693 οὕτ’
453 1661 483 1692 εἰ
504 1659 725 1700 πενταθλεῖν,
748 1661 824 1691 οὔτε
846 1659 1132 1701 παλαισμοσύνην.

312 1712 397 1745 Οὐδὲ
419 1717 482 1754 μὲν
506 1714 535 1745 εἰ
557 1717 715 1752 ταχυτῆτι
738 1711 857 1744 ποδῶν
878 1715 985 1754 τόπερ
1009 1715 1078 1744 ἐστὶ
1102 1714 1275 1754 πρότιμον

349 1765 481 1805 Ῥώμης,
506 1764 575 1796 b'uu'
599 1762 733 1807 ἀνδρῶν
755 1767 821 1807 ἔργ’
847 1767 883 1794 ἐν
905 1764 1013 1806 ἀγῶνι
1036 1763 1137 1797 πέλει,

288 1818 291 1821 ⁴
315 1818 479 1849 Tutin-enm
505 1817 548 1849 ἢν
571 1815 610 1856 δὴ
633 1816 761 1858 μᾶλλον
784 1821 820 1848 έν
842 1815 979 1861 εὐνομίῃ
1002 1816 1097 1850 πόλις
1121 1818 1171 1854 εἴη

351 1871 505 1911 Σμικρόν
529 1869 603 1901 δ’ἄν
625 1883 659 1900 τι
685 1868 781 1900 πόλει
801 1870 913 1910 χάρμα
934 1872 1056 1910 γένοιτ’
1077 1873 1133 1899 ἐπὶ
1157 1875 1205 1909 τῷ

311 1923 359 1952 Εἴ
378 1934 428 1954 ’τις
450 1922 626 1953 ἆεθλειῖων
647 1924 733 1960 νικῷ
756 1923 870 1952 Illam)
893 1920 973 1962 παρ’
998 1921 1115 1959 ὄχθας·

354 1974 399 2006 Οἳ)
422 1975 485 2017 γὰρ
508 1979 640 2006 πιαίνει
662 1977 767 2004 ταῦτα
789 1973 909 2013 μυχοὺς
932 1973 1058 2005 πόλιος.

1157 2024 1235 2057 Ath.
1258 2025 1300 2056 X.
1323 2036 1355 2067 p.
1379 2028 1449 2059 413.

269 2078 315 2119 **)
362 2078 447 2108 Οὔτε
470 2076 575 2118 μάχας
599 2074 727 2108 διέπειν
755 2078 904 2117 Τιτήνων
927 2075 1004 2109 οὐδὲ
1025 2077 1200 2120 Γιγάντων

397 2128 483 2161 Οὑδέ
503 2142 539 2160 τε
560 2131 768 2170 Κενταύρων
803 2128 980 2169 πλάσματα
1006 2134 1077 2160 ’τῶν
1103 2133 1276 2170 προτέρων

347 2182 387 2211 Ἢ
412 2182 557 2219 στάσιας,
581 2178 743 2222 φλεδόνας
769 2185 838 2213 τοῖς
860 2179 958 2212 οὐδὲν
981 2181 1126 2222 χρηστὸν
1154 2182 1293 2212 ἔνεστιν.

1147 2233 1222 2266 Ath.
1244 2233 1304 2265 XI.
1327 2244 1359 2275 p.
1377 2235 1449 2268 462.

142 2285 208 2327 ***)
251 2286 349 2317 Hanc
368 2297 437 2317 rem
450 2287 580 2318 Krause
605 2286 742 2327 (Gesch.
767 2287 798 2318 d.
811 2287 887 2319 Erz.
910 2289 979 2328 §32
1003 2287 1154 2319 ionisehe
1172 2286 1326 2326 Staaten)
1349 2287 1440 2318 hisce
1461 2297 1531 2319 ver-

61 2332 109 2364 bis
131 2337 257 2379 tetigit:
303 2336 396 2377 „Der
418 2338 528 2369 Masse
560 2339 618 2369 des
642 2337 745 2369 Stoffs
777 2340 975 2380 gegeniiber
1005 2339 1123 2370 suchte
1158 2348 1236 2369 man
1267 2338 1353 2368 auch
1385 2339 1439 2370 die
1461 2339 1530 2371 Me-

58 2384 159 2420 thode
182 2388 218 2421 in
242 2389 307 2421 den
320 2389 584 2422 Lehranstalten
608 2400 650 2421 zu
673 2389 873 2423 verbessern
894 2391 966 2423 und
988 2402 1028 2423 zu
1051 2390 1260 2423 erleichtern.
1305 2390 1421 2432 Gegen
1435 2391 1532 2424 Ende

59 2437 168 2472 dieser
190 2441 332 2474 Periode
353 2446 464 2474 traten
487 2442 592 2473 selbst
612 2441 855 2475 reformirende
879 2443 1016 2486 Gegner
1039 2444 1097 2475 des
1122 2443 1357 2474 Bestehenden
1388 2444 1464 2484 auf,
1495 2455 1532 2476 so

58 2490 116 2521 wie
140 2503 166 2524 z.
190 2493 229 2524 B.
253 2493 313 2525 der
334 2493 555 2535 Colophonier
577 2493 827 2536 Xenophanes,
858 2494 918 2527 der
940 2495 1002 2526 das
1025 2495 1075 2526 als
1098 2493 1292 2527 Schulbuch
1316 2494 1533 2538 eingefiihrte

57 2543 123 2574 und
148 2544 182 2576 in
207 2545 316 2578 dieser
338 2545 561 2589 Eigenschaft
584 2557 620 2578 so
644 2546 824 2590 allgemein
853 2547 1049 2591 geschatzte
1076 2546 1284 2579 homerische
1301 2548 1392 2590 Epos
1416 2559 1530 2583 verur-

56 2593 180 2628 theilte.
225 2598 322 2630 Eben
354 2609 391 2630 so
429 2598 538 2640 wenig
559 2600 670 2630 wollte
696 2609 733 2630 er
767 2600 821 2631 die
844 2599 1002 2642 Gesfinge
1026 2600 1083 2630 des
1107 2599 1235 2631 Hesiod
1260 2600 1310 2630 als
1334 2599 1532 2635 Schulbuch

55 2646 167 2687 gelten
189 2649 335 2683 lassen.“
