1665 2793
650 105 905 143 -25-

138 207 323 255 Quen-itur
352 205 411 243 his
440 206 601 244 vocibus
628 206 891 259 Xenophanes
927 207 975 246 de
1009 208 1162 262 infirma
1197 207 1356 246 humani
1392 208 1511 245 animi

38 282 194 323 natura,
229 286 328 324 quae
365 286 441 310 non
480 273 646 311 sufficiat
682 274 732 312 ad
759 288 894 313 verum
931 276 1254 325 cognoscendum,
1288 275 1513 327 simpliciter

38 345 187 389 fatetur,
215 339 404 377 rationem
432 352 541 378 suam
580 348 752 381 secutum
788 341 917 381 fallaci
955 357 995 381 se
1028 344 1233 382 incessisse
1262 343 1337 381 via.
1391 343 1510 381 Parvi

39 410 240 451 aestimare
267 406 422 444 videtur
450 409 621 448 animum
650 424 772 459 suum,
815 424 931 462 quum
961 411 1011 449 ad
1037 425 1170 449 verum
1198 410 1509 462 cognoscendum

39 477 228 518 hominem
257 487 336 512 non
363 474 559 526 perducat.

137 595 175 632 A
211 607 287 644 quo
324 593 437 633 effato
477 594 672 647 discrepat
715 595 809 634 illud
854 596 958 647 quod
995 598 1166 635 servavit
1205 596 1429 635 Athenaeus
1448 597 1508 645 *):

38 663 188 704 Nullam
208 660 377 712 palmam
397 661 603 714 Olympiae
623 669 775 713 partam
801 676 927 714 neque
954 663 1153 715 pugillatu,
1181 677 1304 715 neque
1317 664 1511 712 luctando,

41 743 161 782 neque
189 728 377 767 curriculo
405 752 455 757 —-
483 729 623 780 quibus
652 730 717 781 qui
744 731 920 769 vicerunt
944 730 1231 769 immortalitate
1259 730 1367 780 digni
1399 732 1511 769 aesti-

40 798 128 837 mati
149 801 238 834 sunt
263 819 311 823 ——
339 795 485 834 nullam
505 796 670 844 laudem,
697 796 842 835 nullum
865 799 1090 848 praemium,
1119 811 1143 835 a
1161 798 1310 836 civibus
1329 798 1511 847 oblatum,

40 878 122 904 eam
151 863 392 901 honestatem
421 863 565 902 homini
594 862 742 902 deferre
770 877 895 915 posse,
922 878 1038 916 quam
1056 878 1165 902 suam
1181 865 1253 903 sibi
1274 865 1513 916 sapientiam.

137 982 316 1019 Demisse
343 981 457 1020 modo
485 981 635 1021 locutus
663 989 701 1021 et
727 984 901 1021 modeste
927 983 974 1021 de
1001 983 1247 1035 philosophia
1275 997 1366 1032 sua,
1407 997 1511 1021 arro-

40 1050 192 1100 gantiae
229 1054 266 1087 et
306 1048 510 1101 superbiae
548 1050 796 1103 opprobrium
834 1051 900 1089 vix
935 1051 1059 1089 vitare
1085 1049 1238 1088 videtur
1264 1049 1512 1103 praedicans:

41 1117 228 1169 sapientia
256 1130 326 1154 sua
355 1118 485 1154 ornari
513 1131 553 1155 se
582 1118 742 1162 decore,
790 1132 866 1169 quo
903 1119 1026 1170 major
1053 1118 1202 1170 percipi
1228 1119 1351 1170 possit
1377 1118 1513 1156 nullus.

41 1185 115 1224 Sed
143 1184 218 1223 duo
246 1183 311 1222 illa
339 1183 442 1222 dicta
469 1198 546 1222 non
574 1187 629 1223 ita
657 1186 756 1224 inter
785 1199 825 1224 se
861 1185 1103 1237 discrepant,
1141 1192 1183 1223 ut
1216 1185 1401 1237 conjungi
1435 1199 1513 1225 non

38 1252 193 1303 possint.
245 1252 392 1289 Prioris
421 1251 512 1289 dicti
539 1252 643 1290 haud
664 1253 780 1291 dubie
799 1253 895 1291 haec
914 1259 972 1290 est
992 1254 1201 1293 sententia:
1228 1253 1512 1305 philosophiam

38 1318 266 1371 Xenophani
294 1332 426 1357 veram
455 1333 583 1357 rerum
612 1321 870 1371 cognitionem
899 1334 975 1359 non
1013 1334 1280 1373 comparasse,
1322 1326 1513 1372 quatenus

37 1401 95 1424 res
122 1401 193 1424 nec
219 1400 378 1438 prorsus
407 1400 561 1437 negare,
588 1401 712 1439 neque
740 1389 931 1439 quomodo
961 1395 1067 1427 ortae
1096 1395 1236 1437 essent,
1263 1389 1415 1439 aperire
1442 1402 1510 1439 po-

46 1453 167 1492 tuerit.
223 1454 268 1492 In
294 1454 414 1494 altero
439 1454 541 1493 dicto
569 1455 831 1509 Xenophanes
858 1470 927 1509 per
954 1469 1089 1495 vocem
1116 1458 1242 1510 σοφία
1270 1455 1375 1494 aliud
1402 1455 1511 1507 quid-

47 1522 134 1559 dam
161 1521 397 1561 intellexisse
423 1523 587 1571 videtur,
616 1529 730 1575 atque
757 1526 814 1562 rei
841 1524 1001 1577 alicujus
1026 1525 1243 1564 scientiam:
1270 1538 1359 1563 eum
1379 1523 1512 1563 videli-

46 1595 103 1625 cet
143 1589 262 1626 animi
296 1589 459 1638 cultum,
500 1591 564 1641 qui
604 1590 817 1629 litterarum
846 1597 883 1629 et
909 1591 1176 1644 philosophiae
1204 1591 1329 1629 studio
1358 1592 1513 1630 omnino

44 1663 292 1708 comparetur.

144 1759 344 1810 Sapientia
370 1758 434 1796 illa
461 1759 714 1812 Xenophanis
742 1775 819 1800 non
846 1767 924 1799 tam
953 1763 993 1800 in
1020 1761 1223 1813 multiplici
1248 1773 1389 1808 rerum,
1416 1772 1514 1810 quae

40 1839 62 1862 n
93 1826 346 1879 philosophia
365 1833 580 1877 versantur,
608 1830 757 1878 notitia,
786 1843 903 1881 quam
929 1830 969 1869 in
998 1844 1042 1868 eo
1071 1835 1235 1878 constat,
1263 1827 1367 1881 quod
1394 1827 1512 1866 medi-

39 1894 152 1933 tando
182 1896 351 1933 animum
379 1896 432 1933 ita
461 1895 681 1944 excoluerit,
717 1903 769 1945 ut,
797 1898 1034 1936 conscientia
1062 1898 1230 1950 optimae
1257 1897 1397 1935 mentis
1424 1910 1511 1935 con-

39 1961 174 2011 citata,
220 1968 365 2014 quanto
402 1957 552 2000 animus
588 1966 740 2016 corpori
768 1972 997 2016 praestaret,
1023 1967 1118 2004 satis
1148 1965 1325 2004 distincte
1355 1966 1511 2004 sentiret

40 2034 75 2065 et
101 2030 340 2079 intelligeret.
396 2029 513 2067 Tanti
557 2044 596 2069 se
638 2032 731 2083 ipse,
771 2033 929 2082 cognita
964 2033 1134 2071 melioris
1163 2034 1221 2071 sui
1257 2033 1378 2084 partis
1403 2046 1511 2083 prae-

40 2097 190 2145 stantia,
220 2096 452 2135 aestimabat
470 2097 746 2151 Xenophanes,
774 2105 816 2137 ut
834 2099 980 2149 laudes,
999 2114 1095 2151 quas
1115 2100 1285 2151 corporis
1304 2099 1513 2138 virtutibus

41 2161 179 2202 Graeci
207 2165 324 2215 vulgo
354 2164 428 2203 sibi
456 2165 691 2216 colligerent,
718 2167 866 2205 minimi
893 2167 1047 2207 faceret.

139 2268 361 2319 Sapientiae
391 2283 482 2308 suae
512 2269 586 2308 sibi
614 2270 791 2308 conscius
819 2270 975 2309 humani
1005 2272 1123 2310 animi
1152 2270 1379 2321 dignitatem
1394 2270 1510 2310 hono-

37 2332 140 2372 ribus
169 2336 347 2375 omnibus
374 2336 575 2389 praetulit,
613 2351 730 2388 quum
759 2338 910 2377 animus
947 2338 1123 2378 excultus
1160 2338 1341 2378 idoneum
1369 2339 1514 2377 faceret

118 2485 149 2525 *)
193 2485 355 2527 Deipnos.
379 2486 421 2517 X.
444 2497 475 2527 p.
498 2486 577 2518 413:

805 2562 812 2569 .
836 2563 843 2570 .
866 2543 972 2570 ταῦτα
993 2543 1021 2578 χ’
1046 2538 1181 2571 ἅπαντα
1207 2538 1302 2578 λάχοι

290 2590 355 2622 Οὔκ
382 2594 447 2621 [ων
474 2590 567 2626 ἄξιος
588 2588 703 2631 ὥσπερ
725 2590 801 2631 ἐγώ·
827 2590 938 2631 ῥώμης
959 2592 1023 2634 γᾰρ
1047 2591 1199 2632 ἀμείνων

322 2641 472 2685 Ἀνδρῶν
495 2639 544 2680 ἠδ’
564 2636 692 2672 ’ἵππων
713 2641 854 2685 ἡμετέρη
878 2646 986 2685 σοφίη.
