1665 2793
1433 781 1444 796 C

170 780 512 861 Quemadmodum
553 809 617 859 qui
659 808 825 853 studium
868 808 1030 847 collocat
1065 808 1104 845 in
1136 807 1251 846 rebus
1292 807 1533 848 naturalibus

62 875 279 914 scrutandis
294 874 610 927 explicandisque
629 890 706 914 non
734 890 800 915 eas
827 883 974 915 tantum
1003 889 1064 913 res
1084 876 1260 926 exquirit,
1287 889 1387 926 quae
1414 890 1533 915 venu—

63 948 161 982 state
189 941 437 993 splendeant,
472 943 552 980 sive
590 944 761 982 serviant
797 943 974 992 utilitati,
1012 942 1081 980 sed
1118 942 1177 980 vel
1214 942 1461 981 absconditas
1498 950 1535 982 et
1593 978 1597 981 ⁴

63 1024 161 1061 quae
201 1011 325 1059 primo
360 1015 520 1060 aspectu
555 1010 757 1048 utilitatem
802 1010 946 1048 habere
988 1010 1131 1047 nullam
1167 1009 1387 1057 videantur,
1432 1011 1536 1060 quod

62 1077 226 1113 fortasse
253 1076 300 1112 iis
327 1076 421 1126 ipsis
450 1081 597 1113 secreta
624 1082 786 1114 naturae
814 1077 1053 1127 aperiantur:
1078 1077 1134 1114 ita
1161 1077 1277 1114 etiam
1306 1077 1359 1124 ei,
1395 1078 1458 1123 qui
1485 1076 1538 1115 ad

63 1142 344 1194 philosophiam
374 1156 414 1180 se
442 1142 608 1191 confert,
642 1156 717 1181 non
751 1142 918 1181 illustres
946 1148 1096 1181 tantum
1124 1143 1342 1194 philosophi
1368 1150 1537 1183 contem·

64 1209 196 1260 plandi
224 1215 331 1256 sunt,
367 1222 529 1259 quorum
563 1223 682 1261 opera
719 1209 928 1250 subtilitate
954 1210 1145 1260 placeant,
1173 1210 1254 1247 sive
1281 1223 1442 1259 quorum
1471 1210 1536 1248 de-

65 1282 169 1314 creta
196 1276 247 1313 ad
276 1277 395 1313 vitam
423 1289 665 1314 communem
703 1276 844 1314 adduci
880 1277 1049 1327 possint,
1087 1275 1154 1314 sed
1192 1276 1251 1314 vel
1293 1276 1536 1315 obscuriores

66 1350 103 1381 et
130 1356 291 1394 quorum
320 1342 518 1380 doetrinae
546 1343 742 1381 obsoletae
769 1343 1003 1386 habeantur,
1040 1343 1143 1393 quod
1171 1343 1338 1381 fortasse
1365 1344 1412 1381 iis
1440 1345 1535 1394 ipsis

65 1408 330 1460 philosophiae
358 1409 416 1446 vis
445 1414 561 1460 atque
589 1415 730 1448 natura
754 1409 1061 1461 praeclarissime
1089 1410 1355 1461 perspiciatur.

169 1475 283 1514 Cadit
308 1476 402 1513 illud
430 1490 516 1514 cum
544 1478 584 1514 in
614 1477 709 1515 alios
737 1484 818 1514 tum
845 1478 885 1514 in
905 1476 1187 1526 Xenophanem
1215 1477 1321 1515 illum
1343 1477 1535 1528 Colopho-

65 1544 182 1590 nium,
223 1544 332 1594 cujns
375 1544 539 1592 exiguae
567 1544 749 1593 reliquiae
777 1545 908 1592 magni
935 1544 1078 1592 ingenii
1107 1549 1145 1581 et
1171 1543 1273 1594 quod
1302 1545 1439 1582 merito
1468 1545 1535 1582 ad-

67 1611 307 1648 mirationem
337 1616 508 1649 nostram
537 1617 752 1648 commovet
779 1616 1027 1648 monumenta
1054 1609 1236 1648 habenda
1264 1617 1362 1649 sunt.

171 1677 282 1724 Quae
308 1677 493 1727 reliquiae
520 1691 635 1727 quum
666 1679 823 1728 insuper
859 1677 1057 1726 dispersae
1094 1679 1169 1714 sint
1198 1677 1259 1715 vel
1297 1679 1401 1728 apud
1442 1680 1533 1716 scri-

46 1751 207 1795 ptores,
235 1730 398 1795 quorum
424 1745 644 1782 testimonia
672 1750 710 1781 et
737 1744 882 1782 leviora
910 1750 947 1781 et
975 1744 1200 1782 obscuriora
1229 1744 1426 1792 videntur,
1456 1760 1534 1783 ma-

65 1825 165 1860 gnae
194 1812 415 1862 diligentiae
443 1811 595 1849 laudem
623 1812 819 1849 consecuti
849 1817 938 1849 sunt
964 1811 1016 1848 illi
1046 1812 1129 1858 viri,
1161 1811 1226 1861 qui
1245 1812 1284 1848 in
1305 1812 1537 1863 explicanda

66 1879 320 1931 Xenophanis
353 1878 598 1931 philosophia
633 1879 798 1926 versati,
835 1892 927 1917 vera
955 1892 978 1916 a
1006 1878 1113 1916 salsis
1154 1878 1372 1916 discernere
1407 1893 1534 1918 susce-

65 1954 213 1998 perunt.

166 2015 212 2051 In
240 2027 399 2051 numero
428 2027 576 2061 eorum,
613 2014 677 2063 qui
706 2027 753 2050 ea
779 2014 928 2051 ratione
957 2014 1179 2062 singulatim
1217 2014 1265 2050 de
1294 2012 1537 2063 Xenophane

65 2081 301 2133 scripserunt
327 2081 474 2131 primus
502 2079 613 2118 nobis
642 2080 808 2118 occurrit
834 2079 1150 2129 Roschmannus,
1188 2079 1292 2118 edita
1327 2079 1417 2119 diss.
1448 2078 1537 2117 hist.

64 2146 197 2196 philos.
226 2148 421 2198 (praeside
450 2147 647 2192 Feuerlin)
684 2147 731 2184 de
759 2146 1013 2196 Xenophane.
1066 2147 1197 2184 Altorf
1230 2147 1335 2184 1729.
1364 2148 1417 2185 4⁰.
1471 2146 1535 2183 Li-

64 2211 203 2251 bellum
233 2214 338 2252 illum
365 2215 510 2251 frustra
535 2215 573 2250 in
602 2213 845 2250 bibliothecis
882 2215 1160 2263 quaesivimus3
1198 2213 1296 2251 Lud.
1326 2213 1456 2262 Bergii
1483 2218 1536 2250 te-

65 2280 255 2326 stimonio,
282 2282 347 2332 qui
376 2280 423 2318 de
437 2280 681 2331 Xenophane
711 2280 903 2317 disserens
930 2281 1216 2328 ‚‚curiositatis“
1242 2285 1390 2318 tantum
1419 2293 1539 2318 causa

64 2346 327 2386 Roschmanni
357 2348 587 2386 mentionem
618 2348 746 2386 facere
775 2361 816 2385 se
844 2347 948 2395 dicit,
975 2348 1105 2396 exigui
1134 2348 1315 2384 momenti
1344 2347 1462 2384 fuisse
1482 2348 1534 2384 vi-

64 2412 184 2451 detur.
247 2415 437 2452 Exactius
478 2420 604 2452 autem
647 2414 905 2466 Xenophanis
942 2414 1123 2465 reliquias
1161 2414 1353 2451 recensuit
1388 2413 1538 2451 Fuelle-

63 2469 160 2519 born
189 2482 387 2533 (Beitrage
417 2496 486 2520 zur
505 2481 737 2520 Geschichto
765 2482 833 2519 der
855 2481 1133 2532 Philosophie).
1164 2481 1331 2531 Copiosc
1360 2483 1543 2532 exposuit

63 2552 101 2583 et
136 2554 416 2586 commentatus
458 2555 515 2585 est
550 2548 639 2586 Chr.
675 2549 777 2597 Aug.
811 2548 990 2594 mandis,
1030 2548 1133 2585 edita
1171 2549 1537 2586 commentationum

63 2612 322 2654 Eleaticarum
352 2618 462 2668 parte
488 2616 518 2653 I.
573 2615 741 2654 Altonae
771 2615 879 2654 1813.
