<?xml version="1.0" encoding="UTF-8"?>
<!DOCTYPE html PUBLIC "-//W3C//DTD XHTML 1.0 Transitional//EN"
    "http://www.w3.org/TR/xhtml1/DTD/xhtml1-transitional.dtd">
<html xmlns="http://www.w3.org/1999/xhtml" xml:lang="en" lang="en">
 <head>
  <title>
</title>
<meta http-equiv="Content-Type" content="text/html;charset=utf-8" />
  <meta name='ocr-system' content='tesseract 3.04.00' />
  <meta name='ocr-capabilities' content='ocr_page ocr_carea ocr_par ocr_line ocrx_word'/>
</head>
<body>
  <div class='ocr_page' id='page_1' title='image "4737344_0029.png"; bbox 0 0 1665 2793; ppageno 0'>
   <div class='ocr_carea' id='block_1_1' title="bbox 708 118 964 156">
    <p class='ocr_par' dir='ltr' id='par_1_1' title="bbox 708 118 964 156">
     <span class='ocr_line' id='line_1_1' title="bbox 708 118 964 156; baseline 0 -9"><span class='ocrx_word' id='word_1_1' title='bbox 708 118 964 156; x_wconf 77' lang='lat'>...21-</span> 
     </span>
    </p>
   </div>
   <div class='ocr_carea' id='block_1_2' title="bbox 97 218 1568 347">
    <p class='ocr_par' dir='ltr' id='par_1_2' title="bbox 97 218 1568 347">
     <span class='ocr_line' id='line_1_2' title="bbox 199 218 1568 274; baseline -0.004 -12"><span class='ocrx_word' id='word_1_2' title='bbox 199 225 330 273; x_wconf 80' lang='lat' dir='ltr'><strong>Quam</strong></span> <span class='ocrx_word' id='word_1_3' title='bbox 358 222 575 261; x_wconf 79' lang='lat' dir='ltr'><strong>doctrinam</strong></span> <span class='ocrx_word' id='word_1_4' title='bbox 603 220 720 259; x_wconf 89' lang='lat' dir='ltr'><strong>animi</strong></span> <span class='ocrx_word' id='word_1_5' title='bbox 748 220 808 259; x_wconf 89' lang='lat' dir='ltr'><strong>sui</strong></span> <span class='ocrx_word' id='word_1_6' title='bbox 836 218 1068 260; x_wconf 87' lang='lat' dir='ltr'><strong>desiderium</strong></span> <span class='ocrx_word' id='word_1_7' title='bbox 1094 222 1313 274; x_wconf 82' lang='lat' dir='ltr'><strong>implevisse</strong></span> <span class='ocrx_word' id='word_1_8' title='bbox 1335 223 1510 274; x_wconf 84' lang='lat' dir='ltr'><strong>Spinoza</strong></span> <span class='ocrx_word' id='word_1_9' title='bbox 1533 228 1568 259; x_wconf 77' lang='lat' dir='ltr'><strong>ct</strong></span> 
     </span>
     <span class='ocr_line' id='line_1_3' title="bbox 97 287 1140 347; baseline -0.005 -15"><span class='ocrx_word' id='word_1_10' title='bbox 97 296 180 347; x_wconf 89' lang='lat' dir='ltr'><strong>ipse</strong></span> <span class='ocrx_word' id='word_1_11' title='bbox 207 291 410 330; x_wconf 85' lang='lat' dir='ltr'><strong>confessus</strong></span> <span class='ocrx_word' id='word_1_12' title='bbox 426 289 467 342; x_wconf 84' lang='lat'><strong>*)</strong></span> <span class='ocrx_word' id='word_1_13' title='bbox 495 295 565 338; x_wconf 87' lang='lat' dir='ltr'><strong>est,</strong></span> <span class='ocrx_word' id='word_1_14' title='bbox 594 294 632 327; x_wconf 88' lang='lat' dir='ltr'><strong>et</strong></span> <span class='ocrx_word' id='word_1_15' title='bbox 658 288 740 326; x_wconf 83' lang='lat' dir='ltr'><strong>vita</strong></span> <span class='ocrx_word' id='word_1_16' title='bbox 767 300 838 326; x_wconf 84' lang='lat' dir='ltr'><strong>sua</strong></span> <span class='ocrx_word' id='word_1_17' title='bbox 864 287 1140 341; x_wconf 80' lang='lat' dir='ltr'>comprobavit.</span> 
     </span>
    </p>
   </div>
   <div class='ocr_carea' id='block_1_3' title="bbox 98 371 1572 630">
    <p class='ocr_par' dir='ltr' id='par_1_3' title="bbox 98 371 1572 630">
     <span class='ocr_line' id='line_1_4' title="bbox 187 371 1568 426; baseline -0.001 -14"><span class='ocrx_word' id='word_1_18' title='bbox 187 376 333 424; x_wconf 54' lang='lat' dir='ltr'><strong>‚Quum</strong></span> <span class='ocrx_word' id='word_1_19' title='bbox 362 387 514 425; x_wconf 84' lang='lat' dir='ltr'><strong>semper</strong></span> <span class='ocrx_word' id='word_1_20' title='bbox 539 374 579 411; x_wconf 91' lang='lat' dir='ltr'><strong>in</strong></span> <span class='ocrx_word' id='word_1_21' title='bbox 607 372 678 411; x_wconf 91' lang='lat' dir='ltr'><strong>deo</strong></span> <span class='ocrx_word' id='word_1_22' title='bbox 705 371 853 410; x_wconf 87' lang='lat' dir='ltr'><strong>versari</strong></span> <span class='ocrx_word' id='word_1_23' title='bbox 881 385 921 410; x_wconf 87' lang='lat' dir='ltr'><strong>se</strong></span> <span class='ocrx_word' id='word_1_24' title='bbox 949 371 1212 422; x_wconf 79' lang='lat' dir='ltr'>arbitraretur,</span> <span class='ocrx_word' id='word_1_25' title='bbox 1245 374 1299 412; x_wconf 88' lang='lat' dir='ltr'><strong>ita</strong></span> <span class='ocrx_word' id='word_1_26' title='bbox 1336 387 1452 426; x_wconf 87' lang='lat' dir='ltr'><strong>supra</strong></span> <span class='ocrx_word' id='word_1_27' title='bbox 1490 387 1568 411; x_wconf 89' lang='lat' dir='ltr'><strong>om-</strong></span> 
     </span>
     <span class='ocr_line' id='line_1_5' title="bbox 98 438 1569 489; baseline -0.003 -5"><span class='ocrx_word' id='word_1_28' title='bbox 98 458 165 485; x_wconf 86' lang='lat' dir='ltr'><strong>nes</strong></span> <span class='ocrx_word' id='word_1_29' title='bbox 192 443 297 482; x_wconf 87' lang='lat' dir='ltr'><strong>vitae</strong></span> <span class='ocrx_word' id='word_1_30' title='bbox 325 441 519 480; x_wconf 84' lang='lat' dir='ltr'><strong>humanae</strong></span> <span class='ocrx_word' id='word_1_31' title='bbox 545 439 698 480; x_wconf 88' lang='lat' dir='ltr'><strong>labores</strong></span> <span class='ocrx_word' id='word_1_32' title='bbox 727 438 869 479; x_wconf 85' lang='lat' dir='ltr'><strong>elatum</strong></span> <span class='ocrx_word' id='word_1_33' title='bbox 898 453 939 478; x_wconf 90' lang='lat' dir='ltr'><strong>se</strong></span> <span class='ocrx_word' id='word_1_34' title='bbox 966 440 1103 489; x_wconf 85' lang='lat' dir='ltr'><strong>sensit,</strong></span> <span class='ocrx_word' id='word_1_35' title='bbox 1139 448 1181 480; x_wconf 89' lang='lat' dir='ltr'><strong>ut</strong></span> <span class='ocrx_word' id='word_1_36' title='bbox 1215 456 1285 480; x_wconf 87' lang='lat' dir='ltr'><strong>nec</strong></span> <span class='ocrx_word' id='word_1_37' title='bbox 1312 441 1469 480; x_wconf 84' lang='lat' dir='ltr'><strong>miseria</strong></span> <span class='ocrx_word' id='word_1_38' title='bbox 1505 456 1569 480; x_wconf 89' lang='lat' dir='ltr'><strong>ne·</strong></span> 
     </span>
     <span class='ocr_line' id='line_1_6' title="bbox 99 507 1572 566; baseline -0.002 -15"><span class='ocrx_word' id='word_1_39' title='bbox 99 527 171 566; x_wconf 87' lang='lat' dir='ltr'><strong>que</strong></span> <span class='ocrx_word' id='word_1_40' title='bbox 197 510 412 562; x_wconf 86' lang='lat' dir='ltr'><strong>ignominia</strong></span> <span class='ocrx_word' id='word_1_41' title='bbox 440 509 617 547; x_wconf 90' lang='lat' dir='ltr'><strong>intimum</strong></span> <span class='ocrx_word' id='word_1_42' title='bbox 643 507 738 547; x_wconf 85' lang='lat' dir='ltr'><strong>illud</strong></span> <span class='ocrx_word' id='word_1_43' title='bbox 764 507 971 556; x_wconf 83' lang='lat' dir='ltr'><strong>vinculum,</strong></span> <span class='ocrx_word' id='word_1_44' title='bbox 1014 521 1088 559; x_wconf 92' lang='lat' dir='ltr'><strong>quo</strong></span> <span class='ocrx_word' id='word_1_45' title='bbox 1118 522 1204 546; x_wconf 85' lang='lat' dir='ltr'><strong>cum</strong></span> <span class='ocrx_word' id='word_1_46' title='bbox 1232 509 1386 548; x_wconf 86' lang='lat' dir='ltr'><strong>sublimi</strong></span> <span class='ocrx_word' id='word_1_47' title='bbox 1415 511 1572 548; x_wconf 88' lang='lat' dir='ltr'><strong>numine</strong></span> 
     </span>
     <span class='ocr_line' id='line_1_7' title="bbox 99 574 964 630; baseline -0.006 -12"><span class='ocrx_word' id='word_1_48' title='bbox 99 579 228 619; x_wconf 88' lang='lat' dir='ltr'><strong>divino</strong></span> <span class='ocrx_word' id='word_1_49' title='bbox 256 577 482 630; x_wconf 86' lang='lat' dir='ltr'><strong>conjunctus</strong></span> <span class='ocrx_word' id='word_1_50' title='bbox 511 582 622 625; x_wconf 86' lang='lat' dir='ltr'><strong>esset,</strong></span> <span class='ocrx_word' id='word_1_51' title='bbox 648 580 780 629; x_wconf 87' lang='lat' dir='ltr'><strong>posset</strong></span> <span class='ocrx_word' id='word_1_52' title='bbox 807 574 964 614; x_wconf 88' lang='lat' dir='ltr'><strong>solvere.</strong></span> 
     </span>
    </p>
   </div>
   <div class='ocr_carea' id='block_1_4' title="bbox 100 659 1574 973">
    <p class='ocr_par' dir='ltr' id='par_1_4' title="bbox 100 659 1574 973">
     <span class='ocr_line' id='line_1_8' title="bbox 197 659 1571 710; baseline 0.001 -12"><span class='ocrx_word' id='word_1_53' title='bbox 197 661 260 699; x_wconf 86' lang='lat' dir='ltr'><strong>Ex</strong></span> <span class='ocrx_word' id='word_1_54' title='bbox 296 661 515 710; x_wconf 85' lang='lat' dir='ltr'><strong>cognitione</strong></span> <span class='ocrx_word' id='word_1_55' title='bbox 551 660 612 697; x_wconf 91' lang='lat' dir='ltr'><strong>dei</strong></span> <span class='ocrx_word' id='word_1_56' title='bbox 648 665 833 710; x_wconf 88' lang='lat' dir='ltr'><strong>tanquam</strong></span> <span class='ocrx_word' id='word_1_57' title='bbox 867 672 917 696; x_wconf 84' lang='lat' dir='ltr'><strong>ex</strong></span> <span class='ocrx_word' id='word_1_58' title='bbox 952 659 1058 697; x_wconf 86' lang='lat' dir='ltr'><strong>fonte</strong></span> <span class='ocrx_word' id='word_1_59' title='bbox 1097 661 1257 710; x_wconf 90' lang='lat' dir='ltr'><strong>perenni</strong></span> <span class='ocrx_word' id='word_1_60' title='bbox 1298 675 1469 700; x_wconf 86' lang='lat' dir='ltr'><strong>amorem</strong></span> <span class='ocrx_word' id='word_1_61' title='bbox 1509 662 1571 700; x_wconf 82' lang='lat' dir='ltr'><strong>dei</strong></span> 
     </span>
     <span class='ocr_line' id='line_1_9' title="bbox 105 725 1574 783; baseline 0 -15"><span class='ocrx_word' id='word_1_62' title='bbox 105 733 398 783; x_wconf 87' lang='lat' dir='ltr'><strong>promanantem</strong></span> <span class='ocrx_word' id='word_1_63' title='bbox 421 726 622 776; x_wconf 80' lang='lat' dir='ltr'><strong>sentiebat,</strong></span> <span class='ocrx_word' id='word_1_64' title='bbox 639 726 717 779; x_wconf 91' lang='lat' dir='ltr'><strong>qui,</strong></span> <span class='ocrx_word' id='word_1_65' title='bbox 743 725 884 768; x_wconf 89' lang='lat' dir='ltr'><strong>infiniti</strong></span> <span class='ocrx_word' id='word_1_66' title='bbox 912 726 1054 764; x_wconf 88' lang='lat' dir='ltr'><strong>amoris</strong></span> <span class='ocrx_word' id='word_1_67' title='bbox 1074 725 1135 765; x_wconf 85' lang='lat' dir='ltr'><strong>dei</strong></span> <span class='ocrx_word' id='word_1_68' title='bbox 1153 740 1248 779; x_wconf 87' lang='lat' dir='ltr'><strong>erga</strong></span> <span class='ocrx_word' id='word_1_69' title='bbox 1267 742 1307 767; x_wconf 88' lang='lat' dir='ltr'><strong>se</strong></span> <span class='ocrx_word' id='word_1_70' title='bbox 1324 729 1451 782; x_wconf 85' lang='lat' dir='ltr'><strong>ipsum</strong></span> <span class='ocrx_word' id='word_1_71' title='bbox 1470 742 1574 783; x_wconf 84' lang='lat' dir='ltr'><strong>pars,</strong></span> 
     </span>
     <span class='ocr_line' id='line_1_10' title="bbox 101 792 1571 850; baseline 0 -14"><span class='ocrx_word' id='word_1_72' title='bbox 101 812 169 850; x_wconf 88' lang='lat' dir='ltr'><strong>per</strong></span> <span class='ocrx_word' id='word_1_73' title='bbox 198 810 239 835; x_wconf 89' lang='lat' dir='ltr'><strong>se</strong></span> <span class='ocrx_word' id='word_1_74' title='bbox 268 808 458 834; x_wconf 87' lang='lat' dir='ltr'><strong>summam</strong></span> <span class='ocrx_word' id='word_1_75' title='bbox 486 794 765 833; x_wconf 82' lang='lat' dir='ltr'><strong>beatitudinem</strong></span> <span class='ocrx_word' id='word_1_76' title='bbox 791 792 1024 845; x_wconf 82' lang='lat' dir='ltr'><strong>praebebat:</strong></span> <span class='ocrx_word' id='word_1_77' title='bbox 1051 794 1130 845; x_wconf 88' lang='lat' dir='ltr'><strong>jam</strong></span> <span class='ocrx_word' id='word_1_78' title='bbox 1157 796 1196 833; x_wconf 91' lang='lat' dir='ltr'><strong>in</strong></span> <span class='ocrx_word' id='word_1_79' title='bbox 1224 802 1328 835; x_wconf 84' lang='lat' dir='ltr'><strong>terra</strong></span> <span class='ocrx_word' id='word_1_80' title='bbox 1352 797 1510 836; x_wconf 87' lang='lat' dir='ltr'><strong>beatum</strong></span> <span class='ocrx_word' id='word_1_81' title='bbox 1530 811 1571 836; x_wconf 88' lang='lat' dir='ltr'><strong>se</strong></span> 
     </span>
     <span class='ocr_line' id='line_1_11' title="bbox 102 860 1568 915; baseline 0 -12"><span class='ocrx_word' id='word_1_82' title='bbox 102 863 339 912; x_wconf 81' lang='lat' dir='ltr'><strong>existimans,</strong></span> <span class='ocrx_word' id='word_1_83' title='bbox 367 867 525 915; x_wconf 83' lang='lat' dir='ltr'><strong>propter</strong></span> <span class='ocrx_word' id='word_1_84' title='bbox 551 861 656 900; x_wconf 87' lang='lat' dir='ltr'><strong>illam</strong></span> <span class='ocrx_word' id='word_1_85' title='bbox 674 861 953 901; x_wconf 85' lang='lat' dir='ltr'><strong>beatitudinem</strong></span> <span class='ocrx_word' id='word_1_86' title='bbox 972 860 1153 901; x_wconf 83' lang='lat' dir='ltr'><strong>libidines</strong></span> <span class='ocrx_word' id='word_1_87' title='bbox 1176 862 1388 913; x_wconf 88' lang='lat' dir='ltr'><strong>coercebat,</strong></span> <span class='ocrx_word' id='word_1_88' title='bbox 1414 878 1493 903; x_wconf 88' lang='lat' dir='ltr'><strong>non</strong></span> <span class='ocrx_word' id='word_1_89' title='bbox 1513 864 1568 903; x_wconf 89' lang='lat' dir='ltr'><strong>fu-</strong></span> 
     </span>
     <span class='ocr_line' id='line_1_12' title="bbox 100 930 645 973; baseline -0.007 0"><span class='ocrx_word' id='word_1_90' title='bbox 100 941 207 973; x_wconf 88' lang='lat' dir='ltr'><strong>turae</strong></span> <span class='ocrx_word' id='word_1_91' title='bbox 235 930 487 971; x_wconf 78' lang='lat' dir='ltr'><strong>beatitudinis</strong></span> <span class='ocrx_word' id='word_1_92' title='bbox 515 944 645 969; x_wconf 83' lang='lat' dir='ltr'><strong>causa.</strong></span> 
     </span>
    </p>
   </div>
   <div class='ocr_carea' id='block_1_5' title="bbox 99 1011 1573 1202">
    <p class='ocr_par' dir='ltr' id='par_1_5' title="bbox 99 1011 1573 1202">
     <span class='ocr_line' id='line_1_13' title="bbox 201 1011 1572 1067; baseline 0.001 -14"><span class='ocrx_word' id='word_1_93' title='bbox 201 1017 330 1066; x_wconf 89' lang='lat' dir='ltr'><strong>Atque</strong></span> <span class='ocrx_word' id='word_1_94' title='bbox 357 1019 399 1052; x_wconf 90' lang='lat' dir='ltr'><strong>ut</strong></span> <span class='ocrx_word' id='word_1_95' title='bbox 414 1014 583 1065; x_wconf 85' lang='lat' dir='ltr'><strong>Spinoza</strong></span> <span class='ocrx_word' id='word_1_96' title='bbox 610 1019 732 1052; x_wconf 90' lang='lat' dir='ltr'><strong>totam</strong></span> <span class='ocrx_word' id='word_1_97' title='bbox 760 1011 1028 1064; x_wconf 80' lang='lat' dir='ltr'><strong>philosophiae</strong></span> <span class='ocrx_word' id='word_1_98' title='bbox 1056 1027 1148 1052; x_wconf 88' lang='lat' dir='ltr'><strong>suae</strong></span> <span class='ocrx_word' id='word_1_99' title='bbox 1177 1013 1419 1067; x_wconf 85' lang='lat' dir='ltr'><strong>disciplinam</strong></span> <span class='ocrx_word' id='word_1_100' title='bbox 1447 1021 1485 1055; x_wconf 91' lang='lat' dir='ltr'><strong>et</strong></span> <span class='ocrx_word' id='word_1_101' title='bbox 1511 1029 1572 1055; x_wconf 79' lang='lat' dir='ltr'><strong>ra-</strong></span> 
     </span>
     <span class='ocr_line' id='line_1_14' title="bbox 99 1080 1573 1134; baseline 0 -11"><span class='ocrx_word' id='word_1_102' title='bbox 99 1085 240 1123; x_wconf 86' lang='lat' dir='ltr'><strong>tionem</strong></span> <span class='ocrx_word' id='word_1_103' title='bbox 269 1081 480 1131; x_wconf 88' lang='lat' dir='ltr'><strong>,‚ethicam“</strong></span> <span class='ocrx_word' id='word_1_104' title='bbox 510 1080 620 1130; x_wconf 87' lang='lat' dir='ltr'><strong>dixit,</strong></span> <span class='ocrx_word' id='word_1_105' title='bbox 645 1082 701 1119; x_wconf 87' lang='lat' dir='ltr'><strong>ita</strong></span> <span class='ocrx_word' id='word_1_106' title='bbox 727 1080 994 1134; x_wconf 84' lang='lat' dir='ltr'><strong>philosophiae</strong></span> <span class='ocrx_word' id='word_1_107' title='bbox 1014 1082 1096 1133; x_wconf 89' lang='lat' dir='ltr'><strong>ejus</strong></span> <span class='ocrx_word' id='word_1_108' title='bbox 1114 1082 1264 1133; x_wconf 84' lang='lat' dir='ltr'><strong>partem</strong></span> <span class='ocrx_word' id='word_1_109' title='bbox 1284 1083 1469 1122; x_wconf 86' lang='lat' dir='ltr'><strong>moralem</strong></span> <span class='ocrx_word' id='word_1_110' title='bbox 1488 1097 1573 1123; x_wconf 90' lang='lat' dir='ltr'><strong>cum</strong></span> 
     </span>
     <span class='ocr_line' id='line_1_15' title="bbox 99 1147 1189 1202; baseline -0.002 -12"><span class='ocrx_word' id='word_1_111' title='bbox 99 1151 253 1202; x_wconf 87' lang='lat' dir='ltr'><strong>reliquis</strong></span> <span class='ocrx_word' id='word_1_112' title='bbox 283 1149 446 1188; x_wconf 84' lang='lat' dir='ltr'><strong>decretis</strong></span> <span class='ocrx_word' id='word_1_113' title='bbox 475 1148 668 1187; x_wconf 83' lang='lat' dir='ltr'><strong>artissime</strong></span> <span class='ocrx_word' id='word_1_114' title='bbox 695 1147 901 1186; x_wconf 85' lang='lat' dir='ltr'><strong>cohaerere</strong></span> <span class='ocrx_word' id='word_1_115' title='bbox 928 1155 1091 1201; x_wconf 88' lang='lat' dir='ltr'><strong>apparet</strong></span> <span class='ocrx_word' id='word_1_116' title='bbox 1110 1149 1189 1197; x_wconf 80' lang='lat'>**).</span> 
     </span>
    </p>
   </div>
   <div class='ocr_carea' id='block_1_6' title="bbox 99 1231 1573 1352">
    <p class='ocr_par' dir='ltr' id='par_1_6' title="bbox 99 1231 1573 1352">
     <span class='ocr_line' id='line_1_16' title="bbox 199 1231 1573 1287; baseline 0.001 -13"><span class='ocrx_word' id='word_1_117' title='bbox 199 1235 261 1274; x_wconf 84' lang='lat' dir='ltr'><strong>Ita</strong></span> <span class='ocrx_word' id='word_1_118' title='bbox 285 1233 478 1286; x_wconf 80' lang='lat' dir='ltr'><strong>Spinozae</strong></span> <span class='ocrx_word' id='word_1_119' title='bbox 515 1231 780 1285; x_wconf 86' lang='lat' dir='ltr'><strong>pantheismus</strong></span> <span class='ocrx_word' id='word_1_120' title='bbox 809 1231 906 1271; x_wconf 91' lang='lat' dir='ltr'><strong>bene</strong></span> <span class='ocrx_word' id='word_1_121' title='bbox 936 1232 1122 1285; x_wconf 83' lang='lat' dir='ltr'><strong>beateque</strong></span> <span class='ocrx_word' id='word_1_122' title='bbox 1141 1234 1298 1273; x_wconf 83' lang='lat' dir='ltr'><strong>vivendi</strong></span> <span class='ocrx_word' id='word_1_123' title='bbox 1326 1234 1573 1287; x_wconf 84' lang='lat' dir='ltr'><strong>disciplinam</strong></span> 
     </span>
     <span class='ocr_line' id='line_1_17' title="bbox 99 1300 1250 1352; baseline -0.003 -9"><span class='ocrx_word' id='word_1_124' title='bbox 99 1304 278 1351; x_wconf 88' lang='lat' dir='ltr'><strong>continet,</strong></span> <span class='ocrx_word' id='word_1_125' title='bbox 306 1303 344 1339; x_wconf 90' lang='lat' dir='ltr'><strong>in</strong></span> <span class='ocrx_word' id='word_1_126' title='bbox 374 1315 450 1352; x_wconf 87' lang='lat' dir='ltr'><strong>qua</strong></span> <span class='ocrx_word' id='word_1_127' title='bbox 477 1300 643 1338; x_wconf 82' lang='lat' dir='ltr'><strong>hominis</strong></span> <span class='ocrx_word' id='word_1_128' title='bbox 671 1300 821 1338; x_wconf 84' lang='lat' dir='ltr'><strong>animus</strong></span> <span class='ocrx_word' id='word_1_129' title='bbox 848 1300 971 1351; x_wconf 82' lang='lat' dir='ltr'><strong>possit</strong></span> <span class='ocrx_word' id='word_1_130' title='bbox 998 1302 1250 1352; x_wconf 86' lang='lat' dir='ltr'><strong>acquiescere.</strong></span> 
     </span>
    </p>
   </div>
   <div class='ocr_carea' id='block_1_7' title="bbox 97 1382 1574 1709">
    <p class='ocr_par' dir='ltr' id='par_1_7' title="bbox 97 1382 1574 1709">
     <span class='ocr_line' id='line_1_18' title="bbox 208 1382 1574 1437; baseline 0.001 -14"><span class='ocrx_word' id='word_1_131' title='bbox 208 1385 284 1423; x_wconf 75' lang='lat' dir='ltr'><strong>Sed</strong></span> <span class='ocrx_word' id='word_1_132' title='bbox 311 1384 375 1422; x_wconf 87' lang='lat' dir='ltr'><strong>illa</strong></span> <span class='ocrx_word' id='word_1_133' title='bbox 402 1384 486 1436; x_wconf 83' lang='lat' dir='ltr'><strong>ipsa</strong></span> <span class='ocrx_word' id='word_1_134' title='bbox 516 1383 655 1435; x_wconf 88' lang='lat' dir='ltr'><strong>opinio,</strong></span> <span class='ocrx_word' id='word_1_135' title='bbox 681 1382 847 1421; x_wconf 89' lang='lat' dir='ltr'><strong>hominis</strong></span> <span class='ocrx_word' id='word_1_136' title='bbox 874 1384 1045 1422; x_wconf 86' lang='lat' dir='ltr'><strong>animum</strong></span> <span class='ocrx_word' id='word_1_137' title='bbox 1069 1398 1156 1423; x_wconf 88' lang='lat' dir='ltr'><strong>cum</strong></span> <span class='ocrx_word' id='word_1_138' title='bbox 1176 1385 1248 1424; x_wconf 90' lang='lat' dir='ltr'><strong>deo</strong></span> <span class='ocrx_word' id='word_1_139' title='bbox 1267 1386 1306 1423; x_wconf 89' lang='lat' dir='ltr'><strong>in</strong></span> <span class='ocrx_word' id='word_1_140' title='bbox 1325 1399 1444 1424; x_wconf 90' lang='lat' dir='ltr'><strong>unum</strong></span> <span class='ocrx_word' id='word_1_141' title='bbox 1462 1388 1574 1437; x_wconf 89' lang='lat' dir='ltr'><strong>quasi</strong></span> 
     </span>
     <span class='ocr_line' id='line_1_19' title="bbox 98 1450 1571 1504; baseline 0.001 -12"><span class='ocrx_word' id='word_1_142' title='bbox 98 1453 212 1501; x_wconf 84' lang='lat' dir='ltr'><strong>coire,</strong></span> <span class='ocrx_word' id='word_1_143' title='bbox 250 1451 427 1504; x_wconf 88' lang='lat' dir='ltr'><strong>quamvis</strong></span> <span class='ocrx_word' id='word_1_144' title='bbox 456 1451 627 1488; x_wconf 84' lang='lat' dir='ltr'><strong>animum</strong></span> <span class='ocrx_word' id='word_1_145' title='bbox 655 1450 809 1489; x_wconf 90' lang='lat' dir='ltr'><strong>omnino</strong></span> <span class='ocrx_word' id='word_1_146' title='bbox 838 1450 1011 1502; x_wconf 89' lang='lat' dir='ltr'><strong>quietum</strong></span> <span class='ocrx_word' id='word_1_147' title='bbox 1037 1451 1199 1491; x_wconf 85' lang='lat' dir='ltr'><strong>reddere</strong></span> <span class='ocrx_word' id='word_1_148' title='bbox 1225 1452 1415 1502; x_wconf 85' lang='lat' dir='ltr'><strong>videatur,</strong></span> <span class='ocrx_word' id='word_1_149' title='bbox 1442 1459 1571 1493; x_wconf 85' lang='lat' dir='ltr'><strong>tamen</strong></span> 
     </span>
     <span class='ocr_line' id='line_1_20' title="bbox 99 1518 1570 1573; baseline 0.001 -14"><span class='ocrx_word' id='word_1_150' title='bbox 99 1520 361 1559; x_wconf 87' lang='lat' dir='ltr'><strong>infirmissima</strong></span> <span class='ocrx_word' id='word_1_151' title='bbox 389 1526 446 1558; x_wconf 86' lang='lat' dir='ltr'><strong>est</strong></span> <span class='ocrx_word' id='word_1_152' title='bbox 479 1519 519 1556; x_wconf 90' lang='lat' dir='ltr'><strong>in</strong></span> <span class='ocrx_word' id='word_1_153' title='bbox 549 1533 616 1566; x_wconf 82' lang='lat' dir='ltr'><strong>ec,</strong></span> <span class='ocrx_word' id='word_1_154' title='bbox 651 1518 754 1569; x_wconf 89' lang='lat' dir='ltr'><strong>quod</strong></span> <span class='ocrx_word' id='word_1_155' title='bbox 789 1518 954 1557; x_wconf 86' lang='lat' dir='ltr'><strong>liberum</strong></span> <span class='ocrx_word' id='word_1_156' title='bbox 987 1518 1153 1558; x_wconf 85' lang='lat' dir='ltr'><strong>hominis</strong></span> <span class='ocrx_word' id='word_1_157' title='bbox 1181 1520 1383 1559; x_wconf 86' lang='lat' dir='ltr'><strong>arbitrium</strong></span> <span class='ocrx_word' id='word_1_158' title='bbox 1412 1535 1570 1573; x_wconf 85' lang='lat' dir='ltr'><strong>prorsus</strong></span> 
     </span>
     <span class='ocr_line' id='line_1_21' title="bbox 98 1585 1570 1639; baseline 0.001 -13"><span class='ocrx_word' id='word_1_159' title='bbox 98 1588 243 1627; x_wconf 86' lang='lat' dir='ltr'><strong>evertit.</strong></span> <span class='ocrx_word' id='word_1_160' title='bbox 299 1587 341 1627; x_wconf 82' lang='lat' dir='ltr'><strong>Si</strong></span> <span class='ocrx_word' id='word_1_161' title='bbox 370 1587 540 1639; x_wconf 81' lang='lat' dir='ltr'><strong>Spinoza</strong></span> <span class='ocrx_word' id='word_1_162' title='bbox 567 1585 763 1623; x_wconf 88' lang='lat' dir='ltr'><strong>contendit</strong></span> <span class='ocrx_word' id='word_1_163' title='bbox 788 1591 956 1625; x_wconf 86' lang='lat' dir='ltr'><strong>mentem</strong></span> <span class='ocrx_word' id='word_1_164' title='bbox 991 1586 1041 1625; x_wconf 89' lang='lat' dir='ltr'><strong>ad</strong></span> <span class='ocrx_word' id='word_1_165' title='bbox 1076 1587 1270 1637; x_wconf 85' lang='lat' dir='ltr'><strong>agendum</strong></span> <span class='ocrx_word' id='word_1_166' title='bbox 1311 1602 1388 1627; x_wconf 89' lang='lat' dir='ltr'><strong>non</strong></span> <span class='ocrx_word' id='word_1_167' title='bbox 1423 1590 1570 1627; x_wconf 88' lang='lat' dir='ltr'><strong>moveri</strong></span> 
     </span>
     <span class='ocr_line' id='line_1_22' title="bbox 97 1653 1569 1709; baseline 0.001 -16"><span class='ocrx_word' id='word_1_168' title='bbox 97 1656 171 1694; x_wconf 91' lang='lat' dir='ltr'><strong>nisi</strong></span> <span class='ocrx_word' id='word_1_169' title='bbox 197 1655 347 1709; x_wconf 86' lang='lat' dir='ltr'><strong>infinita</strong></span> <span class='ocrx_word' id='word_1_170' title='bbox 374 1667 579 1693; x_wconf 86' lang='lat' dir='ltr'><strong>causarum</strong></span> <span class='ocrx_word' id='word_1_171' title='bbox 599 1654 708 1701; x_wconf 89' lang='lat' dir='ltr'><strong>serie,</strong></span> <span class='ocrx_word' id='word_1_172' title='bbox 736 1653 898 1692; x_wconf 89' lang='lat' dir='ltr'><strong>liberum</strong></span> <span class='ocrx_word' id='word_1_173' title='bbox 914 1653 1117 1692; x_wconf 89' lang='lat' dir='ltr'><strong>arbitrium</strong></span> <span class='ocrx_word' id='word_1_174' title='bbox 1129 1668 1288 1706; x_wconf 88' lang='lat' dir='ltr'><strong>prorsus</strong></span> <span class='ocrx_word' id='word_1_175' title='bbox 1303 1655 1465 1695; x_wconf 85' lang='lat' dir='ltr'><strong>sustulit.</strong></span> <span class='ocrx_word' id='word_1_176' title='bbox 1477 1656 1569 1703; x_wconf 78' lang='lat'><strong><em>***)</em></strong></span> 
     </span>
    </p>
   </div>
   <div class='ocr_carea' id='block_1_8' title="bbox 99 1735 1566 1857">
    <p class='ocr_par' dir='ltr' id='par_1_8' title="bbox 99 1735 1566 1857">
     <span class='ocr_line' id='line_1_23' title="bbox 199 1735 1566 1790; baseline 0.001 -14"><span class='ocrx_word' id='word_1_177' title='bbox 199 1737 277 1776; x_wconf 88' lang='lat' dir='ltr'><strong>Sed</strong></span> <span class='ocrx_word' id='word_1_178' title='bbox 305 1737 476 1789; x_wconf 67' lang='lat' dir='ltr'><strong>Spinoza</strong></span> <span class='ocrx_word' id='word_1_179' title='bbox 501 1735 729 1786; x_wconf 89' lang='lat' dir='ltr'><strong>religionem</strong></span> <span class='ocrx_word' id='word_1_180' title='bbox 755 1749 866 1774; x_wconf 88' lang='lat' dir='ltr'><strong>suam</strong></span> <span class='ocrx_word' id='word_1_181' title='bbox 894 1736 1103 1774; x_wconf 85' lang='lat' dir='ltr'><strong>salutarem</strong></span> <span class='ocrx_word' id='word_1_182' title='bbox 1130 1737 1392 1788; x_wconf 83' lang='lat' dir='ltr'><strong>praedicavit,</strong></span> <span class='ocrx_word' id='word_1_183' title='bbox 1436 1744 1566 1790; x_wconf 87' lang='lat' dir='ltr'><strong>quate-</strong></span> 
     </span>
     <span class='ocr_line' id='line_1_24' title="bbox 99 1804 1253 1857; baseline 0 -14"><span class='ocrx_word' id='word_1_184' title='bbox 99 1819 170 1843; x_wconf 88' lang='lat' dir='ltr'><strong>nus</strong></span> <span class='ocrx_word' id='word_1_185' title='bbox 197 1806 279 1857; x_wconf 86' lang='lat' dir='ltr'><strong>ejus</strong></span> <span class='ocrx_word' id='word_1_186' title='bbox 308 1805 459 1843; x_wconf 87' lang='lat' dir='ltr'><strong>animus</strong></span> <span class='ocrx_word' id='word_1_187' title='bbox 485 1804 640 1856; x_wconf 85' lang='lat' dir='ltr'><strong>pietatis</strong></span> <span class='ocrx_word' id='word_1_188' title='bbox 669 1804 902 1843; x_wconf 87' lang='lat' dir='ltr'><strong>desiderium</strong></span> <span class='ocrx_word' id='word_1_189' title='bbox 928 1810 1062 1854; x_wconf 87' lang='lat' dir='ltr'><strong>posset</strong></span> <span class='ocrx_word' id='word_1_190' title='bbox 1088 1804 1253 1856; x_wconf 86' lang='lat' dir='ltr'><strong>explere.</strong></span> 
     </span>
    </p>
   </div>
   <div class='ocr_carea' id='block_1_9' title="bbox 98 1886 1571 2075">
    <p class='ocr_par' dir='ltr' id='par_1_9' title="bbox 98 1886 1571 2075">
     <span class='ocr_line' id='line_1_25' title="bbox 198 1886 1570 1942; baseline 0.002 -17"><span class='ocrx_word' id='word_1_191' title='bbox 198 1888 331 1938; x_wconf 77' lang='lat' dir='ltr'><strong>Quare</strong></span> <span class='ocrx_word' id='word_1_192' title='bbox 359 1888 390 1925; x_wconf 91' lang='lat' dir='ltr'><strong>si</strong></span> <span class='ocrx_word' id='word_1_193' title='bbox 419 1886 681 1938; x_wconf 86' lang='lat' dir='ltr'><strong>Xenophanes</strong></span> <span class='ocrx_word' id='word_1_194' title='bbox 709 1886 845 1925; x_wconf 89' lang='lat' dir='ltr'><strong>eodem</strong></span> <span class='ocrx_word' id='word_1_195' title='bbox 873 1886 1063 1927; x_wconf 87' lang='lat' dir='ltr'><strong>desiderio</strong></span> <span class='ocrx_word' id='word_1_196' title='bbox 1100 1888 1278 1936; x_wconf 86' lang='lat' dir='ltr'><strong>affectus,</strong></span> <span class='ocrx_word' id='word_1_197' title='bbox 1314 1888 1353 1925; x_wconf 93' lang='lat' dir='ltr'><strong>in</strong></span> <span class='ocrx_word' id='word_1_198' title='bbox 1391 1889 1570 1942; x_wconf 86' lang='lat' dir='ltr'><strong>opinione</strong></span> 
     </span>
     <span class='ocr_line' id='line_1_26' title="bbox 99 1955 1570 2011; baseline 0.003 -18"><span class='ocrx_word' id='word_1_199' title='bbox 99 1969 168 1994; x_wconf 86' lang='lat' dir='ltr'><strong>sua</strong></span> <span class='ocrx_word' id='word_1_200' title='bbox 195 1955 242 1995; x_wconf 88' lang='lat' dir='ltr'><strong>de</strong></span> <span class='ocrx_word' id='word_1_201' title='bbox 269 1955 386 1995; x_wconf 89' lang='lat' dir='ltr'><strong>rebus</strong></span> <span class='ocrx_word' id='word_1_202' title='bbox 414 1955 554 1994; x_wconf 88' lang='lat' dir='ltr'><strong>divinis</strong></span> <span class='ocrx_word' id='word_1_203' title='bbox 584 1956 827 2007; x_wconf 87' lang='lat' dir='ltr'><strong>acquiescere</strong></span> <span class='ocrx_word' id='word_1_204' title='bbox 854 1969 932 1994; x_wconf 91' lang='lat' dir='ltr'><strong>non</strong></span> <span class='ocrx_word' id='word_1_205' title='bbox 958 1957 1093 2008; x_wconf 86' lang='lat' dir='ltr'><strong>potuit,</strong></span> <span class='ocrx_word' id='word_1_206' title='bbox 1135 1957 1330 1995; x_wconf 82' lang='lat' dir='ltr'><strong>diversum</strong></span> <span class='ocrx_word' id='word_1_207' title='bbox 1358 1958 1441 2005; x_wconf 77' lang='lat' dir='ltr'><strong>eius</strong></span> <span class='ocrx_word' id='word_1_208' title='bbox 1477 1973 1570 2011; x_wconf 91' lang='lat' dir='ltr'><strong>pan-</strong></span> 
     </span>
     <span class='ocr_line' id='line_1_27' title="bbox 98 2023 1571 2075; baseline 0.003 -15"><span class='ocrx_word' id='word_1_209' title='bbox 98 2023 303 2062; x_wconf 86' lang='lat' dir='ltr'><strong>theismum</strong></span> <span class='ocrx_word' id='word_1_210' title='bbox 321 2037 345 2061; x_wconf 88' lang='lat' dir='ltr'><strong>a</strong></span> <span class='ocrx_word' id='word_1_211' title='bbox 365 2024 559 2075; x_wconf 82' lang='lat' dir='ltr'><strong>Spinozae</strong></span> <span class='ocrx_word' id='word_1_212' title='bbox 588 2023 829 2074; x_wconf 88' lang='lat' dir='ltr'><strong>pantheismo</strong></span> <span class='ocrx_word' id='word_1_213' title='bbox 857 2023 977 2061; x_wconf 83' lang='lat' dir='ltr'><strong>fuisse</strong></span> <span class='ocrx_word' id='word_1_214' title='bbox 996 2023 1264 2063; x_wconf 88' lang='lat' dir='ltr'><strong>arbitrandum</strong></span> <span class='ocrx_word' id='word_1_215' title='bbox 1283 2030 1351 2062; x_wconf 87' lang='lat' dir='ltr'><strong>est.</strong></span> <span class='ocrx_word' id='word_1_216' title='bbox 1405 2024 1571 2064; x_wconf 87' lang='lat' dir='ltr'><strong>Interest</strong></span> 
     </span>
    </p>
   </div>
   <div class='ocr_carea' id='block_1_10' title="bbox 98 2165 1567 2260">
    <p class='ocr_par' dir='ltr' id='par_1_10' title="bbox 98 2165 1567 2260">
     <span class='ocr_line' id='line_1_28' title="bbox 178 2165 1567 2211; baseline -0.002 -9"><span class='ocrx_word' id='word_1_217' title='bbox 178 2168 215 2210; x_wconf 44' lang='grc' dir='ltr'><strong>ἃ)</strong></span> <span class='ocrx_word' id='word_1_218' title='bbox 259 2168 356 2201; x_wconf 84' lang='lat' dir='ltr'><strong>Haec</strong></span> <span class='ocrx_word' id='word_1_219' title='bbox 378 2178 459 2211; x_wconf 83' lang='lat' dir='ltr'><strong>ergo</strong></span> <span class='ocrx_word' id='word_1_220' title='bbox 482 2165 638 2198; x_wconf 90' lang='lat' dir='ltr'><strong>doctrina</strong></span> <span class='ocrx_word' id='word_1_221' title='bbox 660 2168 898 2207; x_wconf 87' lang='lat' dir='ltr'><strong>praeterquam</strong></span> <span class='ocrx_word' id='word_1_222' title='bbox 921 2165 1010 2207; x_wconf 91' lang='lat' dir='ltr'><strong>quod</strong></span> <span class='ocrx_word' id='word_1_223' title='bbox 1035 2166 1180 2197; x_wconf 83' lang='lat' dir='ltr'><strong>animam</strong></span> <span class='ocrx_word' id='word_1_224' title='bbox 1204 2165 1295 2197; x_wconf 90' lang='lat' dir='ltr'><strong>omni</strong></span> <span class='ocrx_word' id='word_1_225' title='bbox 1310 2166 1409 2198; x_wconf 89' lang='lat' dir='ltr'><strong>modo</strong></span> <span class='ocrx_word' id='word_1_226' title='bbox 1420 2167 1567 2209; x_wconf 83' lang='lat' dir='ltr'><strong>quietam</strong></span> 
     </span>
     <span class='ocr_line' id='line_1_29' title="bbox 98 2217 1476 2260; baseline 0.001 -10"><span class='ocrx_word' id='word_1_227' title='bbox 98 2221 275 2255; x_wconf 88' lang='lat' dir='ltr'><strong>reddit...</strong></span> <span class='ocrx_word' id='word_1_228' title='bbox 1207 2217 1284 2249; x_wconf 89' lang='lat' dir='ltr'><strong>Eth.</strong></span> <span class='ocrx_word' id='word_1_229' title='bbox 1308 2217 1348 2250; x_wconf 92' lang='lat' dir='ltr'><strong>V.</strong></span> <span class='ocrx_word' id='word_1_230' title='bbox 1371 2229 1403 2260; x_wconf 85' lang='lat' dir='ltr'><strong>p.</strong></span> <span class='ocrx_word' id='word_1_231' title='bbox 1425 2220 1476 2251; x_wconf 78' lang='lat'><strong>91.</strong></span> 
     </span>
    </p>
   </div>
   <div class='ocr_carea' id='block_1_11' title="bbox 99 2286 1568 2432">
    <p class='ocr_par' dir='ltr' id='par_1_11' title="bbox 99 2286 1568 2432">
     <span class='ocr_line' id='line_1_30' title="bbox 178 2286 1568 2331; baseline -0.001 -9"><span class='ocrx_word' id='word_1_232' title='bbox 178 2290 237 2331; x_wconf 62' lang='grc' dir='ltr'><strong>Μ”)</strong></span> <span class='ocrx_word' id='word_1_233' title='bbox 283 2288 457 2331; x_wconf 85' lang='lat' dir='ltr'><strong>Quidquid</strong></span> <span class='ocrx_word' id='word_1_234' title='bbox 491 2288 643 2329; x_wconf 82' lang='lat' dir='ltr'><strong>cupimus</strong></span> <span class='ocrx_word' id='word_1_235' title='bbox 676 2290 710 2319; x_wconf 87' lang='lat' dir='ltr'><strong>et</strong></span> <span class='ocrx_word' id='word_1_236' title='bbox 742 2286 872 2330; x_wconf 84' lang='lat' dir='ltr'><strong>agimus</strong></span> <span class='ocrx_word' id='word_1_237' title='bbox 906 2288 1069 2329; x_wconf 89' lang='lat' dir='ltr'><strong>cujusque</strong></span> <span class='ocrx_word' id='word_1_238' title='bbox 1104 2296 1208 2318; x_wconf 84' lang='lat' dir='ltr'><strong>causa</strong></span> <span class='ocrx_word' id='word_1_239' title='bbox 1236 2296 1370 2326; x_wconf 81' lang='lat' dir='ltr'><strong>sumus,</strong></span> <span class='ocrx_word' id='word_1_240' title='bbox 1401 2291 1568 2329; x_wconf 77' lang='lat' dir='ltr'><strong>quatenus</strong></span> 
     </span>
     <span class='ocr_line' id='line_1_31' title="bbox 99 2338 1567 2382; baseline 0 -10"><span class='ocrx_word' id='word_1_241' title='bbox 99 2341 150 2373; x_wconf 88' lang='lat' dir='ltr'><strong>dei</strong></span> <span class='ocrx_word' id='word_1_242' title='bbox 174 2342 284 2375; x_wconf 86' lang='lat' dir='ltr'><strong>ideam</strong></span> <span class='ocrx_word' id='word_1_243' title='bbox 308 2341 471 2374; x_wconf 85' lang='lat' dir='ltr'><strong>habemus</strong></span> <span class='ocrx_word' id='word_1_244' title='bbox 495 2342 563 2372; x_wconf 88' lang='lat' dir='ltr'><strong>sive</strong></span> <span class='ocrx_word' id='word_1_245' title='bbox 587 2344 754 2382; x_wconf 77' lang='lat' dir='ltr'><strong>quatenus</strong></span> <span class='ocrx_word' id='word_1_246' title='bbox 778 2341 876 2372; x_wconf 87' lang='lat' dir='ltr'><strong>deum</strong></span> <span class='ocrx_word' id='word_1_247' title='bbox 902 2340 1133 2380; x_wconf 79' lang='lat' dir='ltr'><strong>cognoscImus</strong></span> <span class='ocrx_word' id='word_1_248' title='bbox 1158 2339 1200 2369; x_wconf 83' lang='lat' dir='ltr'><strong>ad</strong></span> <span class='ocrx_word' id='word_1_249' title='bbox 1226 2338 1425 2381; x_wconf 84' lang='lat' dir='ltr'><strong>religionem</strong></span> <span class='ocrx_word' id='word_1_250' title='bbox 1448 2341 1567 2372; x_wconf 84' lang='lat' dir='ltr'><strong>refero.</strong></span> 
     </span>
     <span class='ocr_line' id='line_1_32' title="bbox 952 2390 1485 2432; baseline 0.004 -10"><span class='ocrx_word' id='word_1_251' title='bbox 952 2392 1025 2425; x_wconf 92' lang='lat' dir='ltr'><strong>Eth.</strong></span> <span class='ocrx_word' id='word_1_252' title='bbox 1049 2391 1107 2423; x_wconf 84' lang='lat' dir='ltr'><strong>lv.</strong></span> <span class='ocrx_word' id='word_1_253' title='bbox 1134 2391 1247 2424; x_wconf 85' lang='lat' dir='ltr'><strong>Schol.</strong></span> <span class='ocrx_word' id='word_1_254' title='bbox 1269 2390 1295 2422; x_wconf 93' lang='lat' dir='ltr'><strong>I.</strong></span> <span class='ocrx_word' id='word_1_255' title='bbox 1314 2400 1408 2432; x_wconf 87' lang='lat' dir='ltr'><strong>prop.</strong></span> <span class='ocrx_word' id='word_1_256' title='bbox 1433 2392 1485 2424; x_wconf 82' lang='lat'><strong>37.</strong></span> 
     </span>
    </p>
   </div>
   <div class='ocr_carea' id='block_1_12' title="bbox 177 2449 1568 2597">
    <p class='ocr_par' dir='ltr' id='par_1_12' title="bbox 177 2449 1568 2597">
     <span class='ocr_line' id='line_1_33' title="bbox 180 2449 1567 2494; baseline -0.002 -9"><span class='ocrx_word' id='word_1_257' title='bbox 180 2452 254 2494; x_wconf 78' lang='grc'>***)</span> <span class='ocrx_word' id='word_1_258' title='bbox 301 2451 469 2485; x_wconf 88' lang='lat' dir='ltr'><strong>Voluntas</strong></span> <span class='ocrx_word' id='word_1_259' title='bbox 492 2460 559 2482; x_wconf 92' lang='lat' dir='ltr'><strong>non</strong></span> <span class='ocrx_word' id='word_1_260' title='bbox 584 2452 695 2491; x_wconf 88' lang='lat' dir='ltr'><strong>potest</strong></span> <span class='ocrx_word' id='word_1_261' title='bbox 716 2450 831 2483; x_wconf 89' lang='lat' dir='ltr'><strong>vocari</strong></span> <span class='ocrx_word' id='word_1_262' title='bbox 852 2460 956 2483; x_wconf 78' lang='lat' dir='ltr'><strong>causa</strong></span> <span class='ocrx_word' id='word_1_263' title='bbox 976 2450 1095 2490; x_wconf 86' lang='lat' dir='ltr'><strong>libera,</strong></span> <span class='ocrx_word' id='word_1_264' title='bbox 1124 2449 1184 2482; x_wconf 86' lang='lat' dir='ltr'><strong>sed</strong></span> <span class='ocrx_word' id='word_1_265' title='bbox 1208 2453 1340 2481; x_wconf 88' lang='lat' dir='ltr'><strong>tantum</strong></span> <span class='ocrx_word' id='word_1_266' title='bbox 1362 2450 1567 2482; x_wconf 83' lang='lat' dir='ltr'><strong>necessaria.</strong></span> 
     </span>
     <span class='ocr_line' id='line_1_34' title="bbox 558 2501 1483 2543; baseline 0.001 -10"><span class='ocrx_word' id='word_1_267' title='bbox 558 2503 568 2510; x_wconf 82' lang='lat'>‘</span> <span class='ocrx_word' id='word_1_268' title='bbox 1210 2502 1289 2534; x_wconf 87' lang='lat' dir='ltr'><strong>Eth.</strong></span> <span class='ocrx_word' id='word_1_269' title='bbox 1312 2501 1354 2532; x_wconf 89' lang='lat'><strong>11.</strong></span> <span class='ocrx_word' id='word_1_270' title='bbox 1376 2513 1407 2543; x_wconf 89' lang='lat' dir='ltr'><strong>p.</strong></span> <span class='ocrx_word' id='word_1_271' title='bbox 1433 2503 1483 2534; x_wconf 83' lang='lat'><strong>28.</strong></span> 
     </span>
     <span class='ocr_line' id='line_1_35' title="bbox 177 2553 1568 2597; baseline -0.002 -8"><span class='ocrx_word' id='word_1_272' title='bbox 177 2555 218 2588; x_wconf 90' lang='lat' dir='ltr'><strong>In</strong></span> <span class='ocrx_word' id='word_1_273' title='bbox 240 2560 351 2589; x_wconf 89' lang='lat' dir='ltr'><strong>mente</strong></span> <span class='ocrx_word' id='word_1_274' title='bbox 374 2555 469 2588; x_wconf 86' lang='lat' dir='ltr'><strong>nulla</strong></span> <span class='ocrx_word' id='word_1_275' title='bbox 490 2558 542 2587; x_wconf 86' lang='lat' dir='ltr'><strong>est</strong></span> <span class='ocrx_word' id='word_1_276' title='bbox 564 2554 672 2587; x_wconf 82' lang='lat' dir='ltr'><strong>libera</strong></span> <span class='ocrx_word' id='word_1_277' title='bbox 695 2556 862 2597; x_wconf 63' lang='lat' dir='ltr'><strong>volunt-axz,</strong></span> <span class='ocrx_word' id='word_1_278' title='bbox 895 2555 953 2588; x_wconf 86' lang='lat' dir='ltr'><strong>sed</strong></span> <span class='ocrx_word' id='word_1_279' title='bbox 988 2565 1078 2588; x_wconf 86' lang='lat' dir='ltr'><strong>mens</strong></span> <span class='ocrx_word' id='word_1_280' title='bbox 1110 2553 1153 2586; x_wconf 90' lang='lat' dir='ltr'><strong>ad</strong></span> <span class='ocrx_word' id='word_1_281' title='bbox 1183 2553 1247 2586; x_wconf 93' lang='lat' dir='ltr'><strong>hoc</strong></span> <span class='ocrx_word' id='word_1_282' title='bbox 1269 2553 1324 2586; x_wconf 87' lang='lat' dir='ltr'><strong>vel</strong></span> <span class='ocrx_word' id='word_1_283' title='bbox 1346 2553 1430 2585; x_wconf 89' lang='lat' dir='ltr'><strong>illud</strong></span> <span class='ocrx_word' id='word_1_284' title='bbox 1455 2554 1568 2587; x_wconf 87' lang='lat' dir='ltr'><strong>volen—</strong></span> 
     </span>
    </p>
   </div>
   <div class='ocr_carea' id='block_1_13' title="bbox 98 2606 1567 2703">
    <p class='ocr_par' dir='ltr' id='par_1_13' title="bbox 98 2606 1567 2703">
     <span class='ocr_line' id='line_1_36' title="bbox 99 2606 1567 2652; baseline 0.001 -15"><span class='ocrx_word' id='word_1_285' title='bbox 99 2606 175 2640; x_wconf 89' lang='lat' dir='ltr'><strong>dum</strong></span> <span class='ocrx_word' id='word_1_286' title='bbox 201 2609 444 2642; x_wconf 86' lang='lat' dir='ltr'><strong>determinatur</strong></span> <span class='ocrx_word' id='word_1_287' title='bbox 466 2618 487 2640; x_wconf 88' lang='lat' dir='ltr'><strong>a</strong></span> <span class='ocrx_word' id='word_1_288' title='bbox 511 2617 624 2649; x_wconf 80' lang='lat' dir='ltr'><strong>causa,</strong></span> <span class='ocrx_word' id='word_1_289' title='bbox 660 2619 747 2652; x_wconf 87' lang='lat' dir='ltr'><strong>quae</strong></span> <span class='ocrx_word' id='word_1_290' title='bbox 776 2609 880 2641; x_wconf 88' lang='lat' dir='ltr'><strong>etiam</strong></span> <span class='ocrx_word' id='word_1_291' title='bbox 903 2609 946 2641; x_wconf 86' lang='lat' dir='ltr'><strong>ab</strong></span> <span class='ocrx_word' id='word_1_292' title='bbox 971 2608 1039 2641; x_wconf 83' lang='lat' dir='ltr'><strong>alia</strong></span> <span class='ocrx_word' id='word_1_293' title='bbox 1062 2606 1287 2639; x_wconf 85' lang='lat' dir='ltr'><strong>determinata</strong></span> <span class='ocrx_word' id='word_1_294' title='bbox 1319 2610 1380 2643; x_wconf 83' lang='lat' dir='ltr'><strong>est,</strong></span> <span class='ocrx_word' id='word_1_295' title='bbox 1419 2611 1453 2638; x_wconf 85' lang='lat' dir='ltr'><strong>et</strong></span> <span class='ocrx_word' id='word_1_296' title='bbox 1482 2606 1567 2639; x_wconf 87' lang='lat' dir='ltr'><strong>haec</strong></span> 
     </span>
     <span class='ocr_line' id='line_1_37' title="bbox 98 2658 1483 2703; baseline 0.001 -13"><span class='ocrx_word' id='word_1_297' title='bbox 98 2658 216 2692; x_wconf 80' lang='lat' dir='ltr'><strong>iterum</strong></span> <span class='ocrx_word' id='word_1_298' title='bbox 238 2661 282 2696; x_wconf 75' lang='lat' dir='ltr'><strong>ab</strong></span> <span class='ocrx_word' id='word_1_299' title='bbox 306 2662 385 2703; x_wconf 81' lang='lat' dir='ltr'><strong>alia,</strong></span> <span class='ocrx_word' id='word_1_300' title='bbox 407 2667 441 2694; x_wconf 84' lang='lat' dir='ltr'><strong>et</strong></span> <span class='ocrx_word' id='word_1_301' title='bbox 463 2661 511 2693; x_wconf 89' lang='lat' dir='ltr'><strong>sic</strong></span> <span class='ocrx_word' id='word_1_302' title='bbox 536 2661 571 2693; x_wconf 89' lang='lat' dir='ltr'><strong>in</strong></span> <span class='ocrx_word' id='word_1_303' title='bbox 595 2660 774 2694; x_wconf 86' lang='lat' dir='ltr'><strong>infinitum.</strong></span> <span class='ocrx_word' id='word_1_304' title='bbox 1210 2659 1290 2692; x_wconf 85' lang='lat' dir='ltr'><strong>Eth.</strong></span> <span class='ocrx_word' id='word_1_305' title='bbox 1311 2658 1354 2689; x_wconf 89' lang='lat'><strong>11.</strong></span> <span class='ocrx_word' id='word_1_306' title='bbox 1378 2670 1408 2699; x_wconf 90' lang='lat' dir='ltr'><strong>p.</strong></span> <span class='ocrx_word' id='word_1_307' title='bbox 1432 2660 1483 2691; x_wconf 84' lang='lat'><strong>85.</strong></span> 
     </span>
    </p>
   </div>
  </div>
 </body>
</html>
