1665 2793
665 80 891 118 ...9-

45 183 87 221 ἰιι
110 182 357 235 philosophia
382 182 580 235 praecepit
605 181 878 234 Xenophanes.
941 182 1093 232 Quodsi
1118 195 1143 220 a
1168 181 1318 220 Botone
1350 179 1413 219 vel
1440 179 1516 218 alio

46 250 178 300 ignoto
205 248 435 301 philosopho
461 248 728 302 philosophiae
754 249 908 288 decreta
935 235 1140 301 acceperit,
1168 249 1306 287 mirum
1335 253 1412 295 est,
1449 260 1519 285 cur

44 316 130 355 illos
152 316 322 367 ipsorum
351 308 595 368 philosophia
622 330 698 356 non
729 316 896 355 illustres
924 316 1146 365 reddiderit,
1192 315 1516 367 quemadmodum

44 372 339 434 Xenophanem.
405 382 585 434 Denique
623 385 678 423 ita
714 397 737 421 a
771 383 964 435 prioribus
1002 383 1241 435 philosophis
1278 382 1442 420 Thalete
1477 386 1515 419 et

43 449 271 501 Pythagora
298 449 495 498 dissensit,
519 456 563 489 ut
587 450 701 489 irrisu
729 463 795 489 eos
823 455 1052 497 sectaretur,
1084 449 1188 501 quod
1214 449 1368 501 quidem
1396 450 1429 487 si
1455 461 1514 486 re-

43 529 139 555 vera
165 517 361 567 magistris
388 517 436 556 iis
464 531 556 556 usus
584 523 696 565 esset,
723 530 800 568 qua
827 517 969 569 pietate
995 517 1116 554 tuisse
1140 516 1314 564 traditur,
1341 516 1513 554 commit-

44 589 124 622 tere
160 596 238 622 non
274 584 472 634 potuisset.
528 583 630 636 Ipsis
665 584 783 634 igitur
819 584 1091 633 magistrorum
1128 589 1166 621 et
1200 583 1514 635 philosophorum

45 650 207 688 decretis
243 650 283 687 in
316 651 548 700 gravissima
589 649 856 702 philosophiae
898 663 991 688 suae
1031 655 1140 701 parte
1180 662 1273 687 usus
1313 649 1397 687 ess'e
1437 663 1515 687 non

43 716 205 755 videtur.

147 782 212 820 Ex
239 796 286 821 ea
311 783 397 834 ipsa
425 789 553 821 autem
581 796 633 831 re,
659 783 764 835 quod
791 796 924 822 omnes
951 783 1123 833 priorum
1151 783 1345 821 doctrinas
1365 783 1516 831 noverit

45 855 82 888 et
109 855 238 888 tamen
265 849 361 888 nihil
390 863 522 889 earum
551 852 752 902 acceperit,
778 851 889 889 firmo
917 850 1086 901 quodam
1115 855 1152 888 et
1179 849 1335 888 elatiore
1360 849 1515 898 ingenio

45 924 132 954 eum
165 916 284 954 fuisse
322 917 506 967 apparet:
560 917 689 955 subtili
724 918 959 967 cogitatione
993 917 1250 954 monumentis
1278 915 1514 954 Graecorum

44 984 188 1033 ingenii
216 983 587 1035 comprehendendis
615 989 653 1021 et
680 984 890 1022 secundum
920 997 1028 1021 suam
1055 982 1224 1021 indolem
1252 983 1426 1020 nativam
1454 982 1517 1019 de-

45 1063 120 1087 nuo
149 1051 261 1100 quasi
287 1050 573 1099 regenerandis,
600 1063 723 1088 novas
749 1063 811 1088 res
841 1051 993 1101 peperit
1019 1055 1057 1087 et
1082 1049 1250 1100 protulit.

147 1115 213 1156 Ita
235 1115 380 1153 factum
408 1122 468 1154 est
504 1121 547 1154 ut
574 1115 811 1155 Graecorum
842 1116 1068 1166 religionem
1099 1128 1177 1154 non
1211 1128 1256 1153 eo
1292 1128 1407 1153 sensu
1442 1127 1517 1165 quo

44 1184 191 1233 priores
221 1183 283 1221 vel
319 1182 499 1234 aequales
536 1183 712 1234 accipere
749 1190 889 1234 posset.
944 1183 1052 1231 Quos
1090 1183 1122 1220 si
1153 1181 1250 1220 levis
1287 1182 1443 1233 quidam
1480 1186 1519 1219 et

43 1249 203 1300 puerilis
219 1249 361 1287 *adhuc
390 1250 541 1287 animus
568 1250 730 1288 idoneos
758 1250 860 1298 fecit,
885 1255 928 1287 ut
955 1251 1037 1287 sine
1059 1248 1207 1300 judicio
1245 1253 1389 1287 temere
1415 1254 1518 1286 vete-

44 1330 129 1354 rum
157 1315 403 1368 opinionibus
433 1318 684 1366 assentirent,
721 1317 1004 1369 Xenophanem
1039 1329 1128 1355 acre
1156 1321 1194 1354 et
1223 1308 1379 1355 acutum
1408 1317 1515 1366 inge-

44 1384 143 1422 nium
186 1383 402 1434 prohibuit,
443 1385 647 1434 quominus
689 1397 930 1422 communem
965 1385 1109 1421 famam
1148 1389 1185 1421 et
1221 1397 1436 1421 sermonem
1466 1383 1517 1420 ad

44 1450 206 1488 verbum
236 1453 437 1502 acciperet.
494 1450 621 1497 Quum
651 1464 759 1488 mens
788 1452 869 1502 ejus
897 1450 947 1487 ad
974 1451 1124 1500 frugem
1167 1450 1278 1500 quasi
1318 1450 1514 1501 pervenis-

46 1522 124 1564 set,
159 1518 327 1556 firmiore
354 1517 496 1568 judicio
525 1530 569 1554 eo
598 1516 788 1554 adductus
829 1523 907 1564 est,
943 1523 985 1554 ut
1025 1518 1178 1554 omissis
1221 1515 1516 1553 auctoritatibus

44 1583 130 1633 ipsa
156 1597 197 1620 re
226 1589 263 1621 et
290 1585 440 1621 ratione
467 1583 668 1621 veritatem
696 1584 915 1634 exquireret
942 1589 980 1620 et
1010 1583 1062 1620 ad
1092 1596 1202 1620 suum
1232 1582 1434 1620 arbitrium
1461 1583 1517 1619 in-

45 1655 330 1701 terpretaretur,
359 1663 621 1701 quaecumque
649 1650 697 1688 de
723 1651 908 1700 religione
938 1650 1056 1700 vulgo
1086 1649 1353 1688 credebantur.
1413 1649 1516 1687 Cau-

45 1724 117 1759 s‘as,
136 1718 254 1766 igitur
283 1717 486 1755 dubitandi
514 1717 562 1754 de
590 1717 767 1756 omnibus
794 1731 889 1768 quos
910 1717 1052 1755 Graeci
1079 1716 1258 1755 colebant
1287 1716 1360 1753 diis
1389 1716 1519 1753 attulit

44 1783 78 1819 ei
106 1796 214 1821 mens
240 1784 307 1821 illa
334 1790 460 1832 acuta,
488 1784 528 1821 in
556 1797 633 1835 qua
661 1798 803 1834 magna
831 1785 948 1822 animi
977 1786 1058 1835 ejus
1087 1785 1146 1822 vis
1174 1785 1301 1834 posita
1329 1789 1396 1822 est.

143 1850 390 1888 Provectiore
403 1850 470 1887 illa
487 1857 612 1888 mente
626 1851 770 1889 factum
784 1858 852 1899 est,
881 1857 923 1901 ut
948 1857 1114 1889 aetatem
1135 1864 1245 1888 suam
1263 1863 1518 1900 praecurrens

42 1928 199 1964 prorsus
222 1917 442 1968 aequalium
470 1930 626 1955 suorum
655 1919 775 1955 sacris
803 1918 1050 1968 opinionibus
1077 1931 1117 1955 se
1145 1922 1364 1969 opponeret.
1410 1917 1517 1954 Men—

42 1987 117 2019 tem
145 1985 247 2021 enim
275 1984 379 2022 illam
409 1990 583 2031 secutus,
610 1984 838 2034 religionum
869 1998 893 2021 a
921 1984 1112 2037 prioribus
1141 1990 1385 2036 acceptarum
1415 1984 1517 2021 infir-

41 2050 211 2088 mitatem
240 2052 487 2103 perspiciens,
523 2051 706 2089 subruere
734 2057 771 2089 et
799 2057 969 2089 evertere
998 2065 1130 2089 earum
1165 2053 1434 2089 auctoritatem
1462 2052 1516 2087 in-

42 2116 173 2157 stituit.

144 2184 260 2231 Quod
288 2191 423 2223 contra
449 2191 599 2223 tantum
628 2186 775 2233 aberat,
806 2191 846 2222 ut
875 2185 1033 2231 Graeci,
1062 2185 1337 2222 animadversa
1365 2184 1516 2222 fabula-

39 2262 123 2287 rum
151 2251 384 2300 infirmitate,
413 2252 463 2289 ad
492 2251 710 2290 subtiliores
739 2252 944 2301 religiones
972 2252 1217 2300 eniterentur,
1249 2257 1289 2289 ut
1317 2265 1364 2288 ne
1394 2252 1516 2301 inqui-

39 2329 122 2354 rere
142 2318 299 2369 quidem
313 2320 353 2356 in
369 2333 434 2357 eas
451 2319 661 2357 studerent.
715 2321 769 2357 At
786 2320 944 2358 videbat
958 2319 1220 2369 Xenophanes
1235 2319 1328 2369 quid
1344 2318 1517 2357 Graecos

39 2391 232 2433 maneret,
270 2391 412 2424 temere
450 2385 694 2437 opinionibus
731 2392 846 2437 atque
884 2385 1132 2436 religionibus
1171 2399 1212 2423 se
1239 2385 1519 2435 permittentes,

39 2461 137 2499 quae
165 2453 306 2502 puerili
335 2459 461 2491 aetate
489 2459 671 2503 acceptae
701 2453 750 2491 ab
782 2454 936 2491 adultae
964 2453 1130 2491 civitatis
1158 2453 1312 2502 ingenio
1333 2465 1516 2501 superan-

38 2514 110 2553 dae
138 2524 278 2567 essent,
307 2532 403 2570 quas
431 2520 590 2570 rejicere
618 2519 772 2568 nollent,
798 2533 916 2570 quum
937 2519 1141 2569 elegantia,
1168 2519 1364 2565 facilitate,
1393 2519 1517 2556 indul-

37 2584 167 2630 gentia
183 2585 424 2630 excellentes,
453 2587 657 2625 suavitatis
673 2586 835 2625 multum
850 2587 1055 2625 haberent:
1086 2587 1245 2624 videbat
1259 2587 1520 2638 corruptelam
