1665 2793
672 114 927 156 ..35-

64 225 107 258 ut
144 222 363 265 recusaret,
398 219 569 258 animum
607 219 830 268 demergere
864 218 904 255 in
943 217 1211 257 abstrusarum
1244 231 1374 257 rerum
1410 231 1547 271 perve-

65 285 320 336 stigationem.

112 351 444 402 Pmoun-erat
470 351 733 406 Xenophanes
772 358 936 391 aetatem
973 365 1094 391 suam.
1148 352 1201 391 Ut
1237 353 1393 392 omnino
1423 352 1543 392 Grae-

66 425 198 461 corum
225 404 415 459 civitates
438 419 543 460 cultu
569 425 610 461 et
634 419 876 459 humanitate
906 419 1068 460 celerius
1096 426 1301 459 creverunt
1336 434 1454 473 quam
1480 434 1541 461 ce-

15 508 17 510 ·
66 489 138 528 teri
171 486 325 540 populi,
369 487 425 526 ita
461 488 499 526 in
536 488 623 540 ipsa
647 486 816 526 Graecia
852 486 1025 526 coloniae
1060 488 1249 526 maturius
1290 487 1544 527 adoleverunt

66 567 183 607 quam
215 554 357 607 patria.
412 554 567 594 Primae
612 568 681 593 eae
717 553 968 607 philosophos
1014 553 1266 608 protulerunt,
1313 554 1380 593 sed
1425 555 1542 596 etiam

66 622 121 663 illi
144 620 365 676 philosophi
392 622 689 674 cogitationibus
719 622 797 661 suis
816 621 877 659 vel
898 621 1076 659 excultae
1104 622 1197 659 satis
1223 623 1361 672 gentis,
1388 637 1437 661 ex
1464 637 1543 675 qua

68 689 144 729 orti
170 694 290 737 erant,
322 690 520 741 opiniones
548 691 695 742 egressi
724 696 822 728 sunt.

171 755 281 800 Inter,
302 769 398 807 quos
423 770 540 808 quum
567 762 670 796 esset
687 756 961 808 Xenophanes,
989 754 1140 801 accidit,
1168 761 1210 792 ut
1228 768 1314 792 eum
1338 762 1446 795 aetas
1472 770 1542 795 sua

67 835 206 875 parum
233 822 462 872 intelligeret
487 837 610 875 neque
637 837 708 876 pro
735 823 871 861 merito
900 821 1134 871 dignaretur.
1203 822 1542 870 Quemadmodum

68 895 198 930 autem
217 888 357 930 Graeci
375 890 464 931 olim
484 891 814 938 existimaverunt,
839 887 981 928 bellum
1001 887 1184 927 Troicum
1213 894 1364 946 gestum
1384 902 1481 937 esse,
1499 896 1543 928 ut

69 957 144 1010 ipsi
171 956 360 998 haberent
381 957 484 1009 quod
509 963 693 997 canerent
726 959 810 1004 (ἵνα
836 947 904 1010 ᾖσι
929 956 998 994 καὶ
1025 957 1295 1005 ἐσσομένοισιν
1321 952 1466 1008 ἀοιδή),
1489 958 1546 996 ita

69 1037 143 1065 nos
169 1024 298 1064 dicere
324 1037 550 1076 possumus,
585 1024 698 1063 nobis
733 1024 878 1062 vixisse
914 1028 953 1060 et
979 1022 1171 1070 cogitasse
1197 1020 1284 1060 illos
1308 1022 1545 1063 Graecorum

70 1090 341 1145 philosophos,
370 1093 403 1130 si
429 1093 469 1132 in
497 1092 641 1142 ingenii
668 1104 801 1130 eorum
828 1090 1048 1140 cognitione
1076 1094 1177 1127 totos
1214 1103 1285 1127 nos
1312 1090 1545 1130 collocamus

68 1159 251 1211 ipsosque
278 1158 517 1199 adamamus.
