1665 2793
715 76 868 114 -18
923 98 972 103 --

101 191 202 216 noza
229 180 446 230 reperimus
473 202 524 208 —
553 179 647 229 (duo
674 177 742 216 illa
768 190 914 227 genera
941 178 1174 229 pantheismi
1194 178 1400 226 sufficiant,
1427 179 1583 230 quibus»

101 257 188 282 cum
225 252 474 298 comparatus
502 244 758 296 Xenophanis
795 243 1062 296 pantheismus
1098 245 1372 298 perspiciatur)
1401 268 1448 274 -—
1475 245 1584 285 intel·

101 314 276 363 ligimus,
305 328 394 353 eum
421 315 576 352 virtutis
604 313 820 364 principia,
848 312 981 362 qualia
1007 313 1047 350 in
1074 313 1225 351 illorum
1252 313 1499 365 philosophia
1525 327 1583 351 re—

101 381 294 433 perimus,
330 382 528 420 continere
560 379 685 428 nulla,
723 381 778 418 ita
805 385 848 419 ut
875 378 1121 432 philosophia
1147 379 1403 434 Xenophanis
1428 379 1586 420 moralis

100 463 188 486 cum
208 450 357 500 reliqua
377 451 459 500 ejus
487 447 745 500 philosophia,
772 447 945 499 physicis
964 454 1003 486 et
1021 448 1309 498 metaphysicis,
1332 451 1488 487 omnino
1507 462 1584 486 non

101 515 337 562 cohaeserit,
375 521 442 553 aut
469 521 571 553 certe
611 514 660 552 de
698 514 770 552 hac
806 528 846 552 re
873 520 1031 566 propter
1056 514 1307 567 reliquiarum
1334 516 1584 567 exiguitatem

102 583 218 620 statui
247 583 341 620 nihil
369 585 500 634 possit.

207 650 330 701 Cujus
359 650 414 688 rei
442 649 649 701 explicatio
678 650 756 700 jam
784 647 834 687 ad
863 647 1024 687 alteram
1052 648 1336 689 dissertationis
1363 649 1476 701 hujus
1495 663 1582 702 par-

102 724 179 756 tem
208 718 383 768 pertinet.

792 1052 901 1111 ΙΙ.

240 1223 360 1262 Stoici
397 1222 510 1261 deum
561 1228 599 1261 et
635 1221 822 1262 mundum
875 1237 993 1262 unam
1045 1221 1284 1274 eandemque
1330 1222 1588 1262 substantiam

108 1291 315 1340 ponebant.
371 1291 443 1328 Cui
473 1303 590 1340 quum
619 1292 808 1329 rationem
835 1291 1072 1338 tribuerent,
1109 1289 1315 1341 divinaque
1354 1292 1503 1329 ratione
1531 1304 1587 1328 re-

107 1372 194 1396 rum
224 1364 403 1396 naturam
441 1357 629 1396 contineri
670 1358 972 1406 arbitrarentur,
1013 1371 1205 1398 summum
1238 1358 1382 1397 bonum
1416 1358 1466 1398 ad
1504 1372 1588 1397 eam

109 1426 253 1463 referre
284 1431 494 1476 potuerunt
534 1425 738 1463 docentes:
793 1426 1005 1464 secundum
1042 1425 1145 1462 illam
1186 1427 1373 1463 rationem
1415 1425 1591 1463 homines

111 1493 243 1530 vivere
272 1497 459 1543 oportere.
516 1492 578 1529 Ita
606 1494 822 1532 arctissime
850 1493 1094 1544 philosophia
1123 1492 1280 1531 moralis
1308 1506 1394 1531 cum
1423 1492 1590 1544 philoso—

111 1560 227 1612 phiae
265 1573 397 1597 eorum
427 1573 579 1598 summa
607 1560 797 1600 cohaeret.
854 1562 894 1598 Si
924 1560 973 1598 ad
1003 1560 1257 1611 Xenophanis
1294 1561 1418 1607 dicta,
1451 1559 1592 1610 quibus

113 1627 246 1663 divina
274 1632 415 1663 natura
441 1625 623 1663 definitur
652 1627 891 1678 respicimus,
922 1627 960 1663 in
990 1640 1065 1664 uno
1102 1632 1252 1664 tantum
1289 1626 1449 1664 rationis
1487 1638 1591 1663 men-

115 1695 258 1732 tionem
288 1695 371 1731 fieri
402 1693 663 1743 intelligimus,
694 1708 831 1744 nempe
858 1696 898 1732 in
926 1693 1008 1733 illo:

267 1757 367 1798 Ἀλλ’
401 1757 612 1799 ἀπάνευθε
639 1761 780 1800 πόνοιο
805 1757 902 1800 νόου
930 1763 1043 1814 φρενὶ
1070 1757 1209 1800 πάντα
1236 1761 1447 1811 κραδαίνει.

116 1828 305 1879 (Simplic.
335 1828 384 1866 ad
405 1830 523 1867 Arist.
552 1829 662 1880 phys.
693 1830 715 1868 f.
744 1832 777 1868 ὕ.
807 1830 858 1880 a.)
910 1828 1086 1880 ,,(1)ρενὶ“
1113 1831 1242 1867 omnia
1269 1828 1482 1879 gubernari
1500 1828 1595 1865 dicit

118 1894 394 1945 Xenophanes.
452 1895 529 1932 Sed
558 1895 759 1934 videamus
787 1897 878 1947 jam,
906 1909 1005 1947 quae
1034 1896 1083 1933 sit
1109 1896 1216 1933 vocis
1254 1891 1409 1948 ,,φρήν“
1441 1896 1500 1933 vis
1535 1901 1591 1932 at-

116 1976 191 2013 que
228 1963 472 2012 significatio,
500 1963 615 2001 alium
645 1964 745 2000 enim
768 1963 832 2001 illa.
846 1977 923 2001 vox
942 1963 1175 2001 intellectum
1196 1962 1312 2000 habet
1327 1963 1430 2014 apud
1447 1962 1591 2013 Pytha-

115 2042 263 2079 goram,
291 2029 406 2066 alium
437 2031 538 2080 apud
570 2030 795 2067 Homerum.
849 2029 1118 2081 PytliagoraS‚
1155 2030 1186 2066 si
1221 2030 1448 2081 respicimus
1476 2029 1592 2079 Diog.

117 2097 245 2135 Laert.
277 2096 383 2136 Vlll.
413 2100 483 2135 30:
549 2095 622 2147 τὴν
661 2099 701 2136 δὲ
739 2093 968 2148 ἀνθρώπου
1006 2093 1144 2149 ψυχὴν
1179 2097 1426 2147 διαιρεῖσθαι
1472 2098 1596 2149 τριχῆ,

114 2164 166 2207 εἴς
197 2177 238 2200 τε
265 2163 361 2201 νοῦν
389 2165 455 2201 καὶ
484 2168 630 2217 φρένας
658 2167 724 2203 καὶ
754 2162 902 2214 θυμόν.
933 2164 1047 2202 ,Νοῦν
1072 2164 1146 2214 μὲν
1167 2155 1254 2202 ὀὖν
1282 2162 1383 2202 εἶναι
1419 2165 1485 2202 καὶ
1515 2165 1593 2202 θυ-

114 2227 194 2281 μὸν
221 2232 287 2269 καὶ
317 2234 358 2269 ὲν
388 2237 471 2276 τοῖς
498 2227 634 2278 ἄλλοις
661 2233 785 2281 ζώοις,
824 2235 970 2285 φρένας
998 2232 1039 2271 δὲ
1075 2233 1203 2281 μόνον
1228 2235 1269 2270 ἐν
1296 2230 1355 2282 τῷ
1381 2228 1594 2281 ἀνθρώπῳ

117 2313 186 2349 per
214 2311 349 2335 vocem
379 2295 486 2350 φρὴν
515 2301 701 2337 rationem
732 2300 930 2348 intelligit,
972 2312 1161 2336 summam
1199 2299 1594 2349 perfectissimamque

118 2364 276 2403 humani
307 2365 423 2403 animi
454 2365 686 2415 facultatem,
714 2381 791 2419 qua
818 2372 949 2405 cetera
977 2367 1189 2404 animantia
1215 2372 1379 2421 superet.

222 2432 336 2479 Quod
365 2440 501 2471 contra
528 2435 632 2485 apud
648 2435 872 2482 Homerum,
900 2439 942 2471 ut
958 2433 1253 2483 Naegelsbachii
1270 2434 1311 2484 ³¹⁸)
1340 2434 1469 2472 verbis
1497 2440 1595 2477 utar,

221 2610 255 2651 ⁴³)
298 2608 549 2651 Naegelsbach,
573 2609 659 2640 hom.
686 2609 802 2640 Theol.
825 2609 961 2651 (Abriss
981 2609 1040 2640 der
1065 2609 1149 2640 hom.
1175 2607 1422 2651 Psychologie.)
