1665 2793
184 328 292 377 Ego,
333 327 523 366 Paulus
568 327 889 367 Adalbertus
924 294 1588 391 Rudolphugsgfftgsssssrss
1658 312 1665 316 '⁴

80 395 318 443 Rueffer‚
364 400 480 433 natus
510 407 595 432 sum
623 394 731 433 VIII.
761 395 831 436 cal.
857 395 949 448 Mai.
977 380 1323 437 MDOOOXLVI'
1335 376 1582 442 Profflehliffi‘

78 464 166 502 vico
205 475 329 514 prope
358 460 645 513 Cruciburgum
682 462 818 502 urbem
857 463 897 501 in
927 462 1066 502 Silesia
1094 463 1293 515 superiore
1322 464 1415 513 sito,
1450 468 1568 516 patre

79 530 278 570 Joanne
305 528 524 568 Alberto
553 528 621 568 Ru
633 529 778 578 effer,
806 528 917 568 verbi
941 528 1062 567 divini
1081 529 1258 569 ministro
1277 529 1383 582 apud
1399 529 1565 569 Prosch-

79 597 251 636 litienses
279 601 318 634 et
337 596 679 641 Omechauienses‚
708 603 833 635 matre
858 596 893 634 L
905 598 986 634 oui
1000 598 1039 634 si
1053 610 1077 634 a
1104 610 1125 634 e
1143 603 1260 646 gente
1277 596 1428 635 K‘elln
1441 597 1566 646 eria;

80 677 177 715 quos
204 669 386 716 parentes
414 663 635 701 carissimos
664 662 760 702 deus
789 665 958 715 optimus
987 662 1114 702 adhuc
1143 663 1272 701 salvos
1301 677 1385 702 esse
1409 663 1540 704 voluit.

184 730 301 768 Anno
340 728 542 768 millesimo
571 731 890 779 octingentesimo
918 731 1240 783 quinquagesimo
1270 730 1413 778 altero,
1442 735 1567 782 ‘quum

77 797 181 850 patri
226 810 366 836 munus
403 795 708 836 ecclesiasticum
748 796 853 848 apud
890 796 1161 837 Cauernenses
1198 803 1236 837 et
1273 797 1568 838 Cattovicenses

79 863 431 902 administrandum
457 864 643 902 traditum
673 871 786 913 esset,
820 864 1042 903 Oauernum
1071 866 1338 915 migravimus,
1366 866 1432 916 qui
1458 867 1569 905 vicus

78 932 119 968 in
156 930 326 969 dioecesi
362 930 552 981 Bregensi
563 959 574 978 ,
614 931 664 968 ad
704 931 883 969 dextram
913 931 1051 969 Viadri
1078 933 1200 983 ripam
1212 962 1222 981 ‚
1261 933 1357 969 situs
1385 938 1454 970 est.
1506 931 1568 970 Ibi

78 998 217 1049 puerili
245 997 422 1035 doctrina
449 1011 511 1035 me
530 998 783 1036 instituerunt
801 1004 913 1049 pater
930 998 1014 1050 ipse
1034 1005 1072 1037 et
1091 998 1317 1047 avunculus,
1345 999 1566 1050 praefectus

78 1065 270 1113 cohortis,
303 1066 370 1115 qui
396 1078 483 1103 cum
513 1065 728 1104 commodis
757 1065 940 1103 emeritae
967 1065 1126 1104 militiae
1154 1065 1335 1104 dimissus
1363 1065 1565 1105 nobiscum

78 1132 245 1180 habitat,
272 1133 556 1184 provectiorem
584 1132 702 1171 iidem
730 1133 987 1182 grammatica
1009 1146 1071 1170 me
1090 1133 1315 1181 docuerunt,
1343 1139 1465 1172 artem
1482 1146 1564 1172 mu·

80 1201 200 1238 sicam
230 1200 290 1237 vir
317 1199 620 1237 humanissimus
651 1198 866 1237 Carolus
896 1198 1096 1247 Scholz,
1133 1199 1402 1249 ludimagister
1429 1199 1561 1239 Catto-
1608 1242 1611 1248 .

77 1266 259 1304 vicensis.

182 1334 313 1381 Quum
347 1333 503 1370 tertium
533 1332 721 1370 decimum
750 1345 894 1369 annum
924 1345 1080 1382 agerem
1106 1333 1147 1369 in
1175 1332 1419 1382 disciplinam
1447 1331 1563 1380 „illu-

78 1401 193 1438 stris“
211 1400 408 1451 gymnasii
427 1399 526 1448 regii
546 1398 768 1448 Bregensis,
790 1398 979 1437 directore
998 1398 1047 1437 ill.
1072 1399 1092 1436 I
1105 1398 1209 1437 ulio
1240 1398 1409 1436 Guttm
1422 1411 1563 1447 anno,

79 1473 262 1518 receptus
293 1480 390 1505 sum.
429 1466 476 1504 In
504 1480 580 1517 quo
608 1467 814 1517 gymnasio
843 1479 959 1517 quum
980 1480 1051 1518 per
1068 1468 1370 1518 quinquennium
1389 1472 1568 1504 versatus

77 1548 214 1580 essem,
243 1541 426 1586 superato
455 1534 646 1581 examine,
673 1533 714 1570 in
744 1533 985 1571 academiam
1003 1532 1218 1571 litterarum
1236 1532 1482 1584 Lipsiensem
1501 1546 1562 1570 me

77 1601 243 1650 contuli,
280 1606 324 1639 ut
351 1602 392 1639 in
419 1601 618 1651 theologia
646 1605 684 1638 et
709 1599 957 1653 philosophia
984 1600 1155 1639 studium
1183 1600 1423 1639 collocarem.
1478 1599 1562 1638 Ma-

77 1670 222 1719 gistros
259 1667 313 1706 ibi
346 1668 493 1720 reperi,
531 1668 598 1719 qui
631 1682 708 1706 non
743 1666 866 1705 solum
903 1667 1089 1706 doctrinis
1121 1681 1183 1705 me
1209 1666 1433 1705 imbuerunt
1445 1697 1454 1711 ‚
1494 1665 1562 1705 sed

79 1737 199 1774 etiam
226 1734 460 1773 liberalitate
488 1741 526 1773 et
552 1734 797 1773 humanitate
819 1733 1075 1774 cumularunt.
1118 1734 1217 1772 Sunt
1244 1733 1300 1772 illi
1318 1734 1393 1772 viri
1412 1746 1561 1772 summe

75 1803 281 1843 reverendi
315 1802 539 1852 Ahreus,
575 1802 705 1840 beat.
733 1802 924 1853 Anger,
968 1801 1292 1851 Brueckner,
1329 1800 1563 1850 Curtius,

75 1869 362 1919 Delitzsch,
405 1869 689 1919 Drobisch,
725 1869 996 1917 Erdmann,
1037 1868 1246 1917 Fricke‚
1286 1867 1558 1916 Hofmann,

74 1939 295 1986 Kahnis,
331 1935 603 1984 Luthardt,
631 1934 889 1986 Max-bach,
918 1935 1164 1985 Schmidt,
1194 1935 1557 1981 Tischendorf,

75 2007 199 2046 beat.
226 2003 383 2053 Tuch,
399 2004 570 2054 Voigt,
594 2002 822 2052 Wuttke,
850 2018 1013 2056 quorum
1037 2004 1196 2042 nomina
1219 2003 1441 2053 gratissimo
1460 2017 1557 2042 sem-

74 2088 144 2126 per
179 2074 310 2111 animo
339 2076 611 2124 prosecuturus
638 2084 732 2110 sum.
761 2095 811 2098 —

179 2139 490 2190 Quadriennium
519 2140 559 2176 in
586 2138 652 2176 illa
680 2138 883 2176 academia
910 2143 1099 2185 versatus,
1126 2137 1227 2176 hanc
1246 2138 1557 2176 dissertationem

77 2208 315 2260 amplissimo
351 2205 675 2258 Philosophorum
723 2205 866 2253 ordini,
915 2204 963 2243 ad
1000 2204 1270 2257 philosophiae
1303 2205 1487 2244 Doctoris
1521 2210 1559 2243 et

75 2277 215 2315 artium
246 2274 437 2312 bonarum
466 2273 648 2323 Magistri
678 2273 908 2322 dignitatem
935 2273 1008 2310 rite
1035 2272 1331 2323 impetrandam,
1358 2271 1513 2310 tradidi.

1506 280 1584 296 rur-Q
