1665 2793
698 86 931 124 -6-

174 190 388 240 Eleganter
415 202 487 228 nec
514 203 591 228 non
629 190 795 228 scienter
833 188 881 227 de
907 189 1164 241 Xenophanis
1195 181 1277 228 vita
1313 194 1352 227 et
1386 188 1553 241 philoso-

72 258 166 309 phia
195 256 353 309 scripsit
378 256 514 295 Victor
542 255 688 295 Cousin
728 256 962 304 (Nouveaux
989 256 1201 307 fragments
1228 255 1557 308 philosophiques,

72 324 186 363 Paris
212 323 341 374 1828).
401 322 483 361 Illis
519 324 683 361 accessit
718 323 890 362 Karsten
930 322 1281 374 (Philosophorum
1318 322 1555 362 Graecorum

72 397 248 430 veterum
276 396 345 429 etc.
386 403 546 442 operum
584 389 770 440 reliquiae
806 389 892 428 Vol.
921 389 950 428 I.
983 402 1018 440 p.
1046 389 1076 427 I.
1113 389 1395 428 Amstelodami
1427 390 1556 438 1830),

73 459 139 509 qui
168 470 314 507 magna
342 469 430 495 cum
457 455 659 506 diligentia
687 462 725 494 et
753 456 967 494 subtilitate
989 455 1244 508 Xenophanis
1271 455 1554 508 philosophiam

73 523 238 574 collegit,
279 527 561 561 commentatus
598 529 675 571 est,
713 522 913 574 disposuit.
977 520 1185 575 Perspicue
1222 522 1340 560 etiam
1374 522 1557 561 disseruit

73 591 172 630 Lud.
208 590 313 641 Berg
348 589 457 641 (diss.
486 589 533 628 de
561 589 807 642 Xenophane
835 589 1085 643 Colophonio.
1115 589 1400 641 Heidelbergae
1430 590 1556 638 1842).

72 658 302 710 Nuperrime
330 670 411 696 rem
439 658 666 696 retractavit
694 658 758 697 Fr.
775 656 876 696 Guil.
896 656 997 707 Aug.
1012 656 1184 696 Mullach
1213 657 1388 708 (Fragm,
1416 657 1552 710 philos.

74 725 210 765 Graec.
248 724 409 764 Parisiis
440 724 570 777 1860),
597 724 715 764 effata
743 723 1162 777 Xenophais·collegit,
1199 724 1380 774 breviter,
1419 731 1553 764 exacte

70 793 274 831 recensuit.
329 792 394 829 Ex
419 791 495 829 illis
514 792 684 830 Karsten
705 792 961 843 Xenophanis
979 791 1262 844 philosophiam
1290 793 1554 843 copiosissime

73 860 260 898 tractavit
291 858 587 910 distinctiusque
615 871 730 910 quam
759 859 908 910 priores
946 858 997 896 ad
1024 865 1146 897 artem
1174 859 1351 910 redigere
1377 859 1554 897 instituit.

73 927 280 978 Disposuit
308 931 438 963 autem
459 925 714 977 Xenophanis
734 926 889 964 decreta
915 926 956 963 in
983 931 1061 964 tres
1090 932 1239 978 partes:
1267 927 1308 964 in
1338 926 1492 964 decreta
1507 926 1554 964 de

73 994 208 1033 divina
225 998 378 1041 natura,
408 992 456 1030 de
475 992 660 1044 physicis,
689 991 737 1031 de
756 1006 884 1031 rerum
911 993 1141 1044 cognitione.
1195 992 1338 1032 Tribus
1365 993 1438 1032 illis
1467 1007 1553 1045 par-

71 1062 176 1100 tibus
190 1066 368 1113 quartam
397 1059 444 1098 de
463 1060 636 1098 moribus
656 1060 749 1098 addi
762 1074 878 1112 posse
893 1074 1010 1112 quum
1026 1061 1306 1099 arbitraremur
1319 1084 1363 1089 —
1385 1061 1555 1100 Karsten

73 1128 331 1180 Xenophanis
351 1126 560 1165 dictailluc
578 1127 811 1178 pertinentia
825 1127 978 1178 collegit
1005 1134 1043 1166 et
1070 1133 1352 1166 commentatus
1379 1135 1448 1176 est,
1478 1129 1553 1167 sin-

71 1196 233 1247 gulatim
249 1201 377 1234 autem
394 1209 471 1233 non
491 1194 723 1246 exposuit—
738 1196 974 1234 moralem
1001 1195 1368 1248 philosophiae
1386 1196 1552 1235 Xeno-

73 1263 252 1315 phanis
281 1268 476 1313 partem
505 1261 776 1312 explicandam
805 1262 916 1301 nobis
945 1263 1224 1314 proposuimus.

175 1329 410 1380 Priusquam
439 1334 567 1366 autem
597 1328 648 1366 ad
676 1329 946 1380 exponendam
974 1329 1077 1367 illam
1106 1329 1361 1380 Xenophanis
1399 1330 1445 1368 de
1474 1344 1553 1368 mo—

71 1397 179 1435 ribus
215 1395 432 1434 doctrinam
472 1396 597 1447 ipsam
643 1395 884 1444 accedimus,
920 1397 960 1434 in
996 1395 1169 1434 moribus
1207 1402 1245 1434 et
1278 1397 1434 1447 ingenio
1471 1398 1553 1448 ejus

72 1463 297 1504 evolvendis
334 1462 493 1514 paulum
522 1462 839 1502 commorandum
868 1463 979 1503 nobis
1007 1463 1171 1511 videtur,
1210 1469 1253 1502 ut
1287 1468 1430 1515 exigua
1465 1465 1555 1503 miri

71 1531 172 1570 illius
200 1530 420 1583 philosophi
448 1530 615 1577 decreta,
658 1536 695 1568 et
736 1544 898 1582 quorum
927 1530 1113 1569 nonnulla
1140 1531 1361 1581 discrepare
1386 1532 1486 1570 inter
1514 1546 1555 1569 se

71 1599 265 1646 videntur,
293 1596 437 1636 clarius
467 1596 726 1648 explicemus;
761 1599 802 1636 in
836 1598 912 1636 fine
941 1603 1070 1636 autem
1098 1598 1382 1649 respiciendum
1411 1599 1460 1637 ad
1488 1613 1549 1636 ra-

73 1667 239 1712 tionem,
275 1677 375 1715 quae
413 1664 669 1714 Xenophanis
707 1664 907 1703 doctrinae
944 1665 1080 1702 morali
1108 1678 1195 1702 cum
1224 1667 1365 1703 aetatis
1394 1667 1475 1717 ejus
1491 1668 1550 1703 'in-

71 1733 187 1783 genio
215 1731 486 1770 intercesserit.
540 1731 677 1783 Itaque
704 1737 835 1783 partes
863 1732 1100 1770 instituimus
1129 1731 1246 1770 hasce
1272 1738 1369 1772 tres:
1399 1732 1446 1771 de
1473 1733 1551 1771 Xe-

71 1799 264 1851 nophanis
291 1799 448 1847 ingenio
474 1805 511 1836 et
533 1799 717 1847 moribus,
748 1799 794 1837 de
823 1799 998 1838 doctrina
1026 1801 1107 1850 ejus
1136 1800 1282 1847 morali,
1313 1799 1360 1837 de
1388 1801 1550 1849 ratione,

71 1879 172 1918 quae
200 1866 234 1904 ei
263 1879 352 1904 cum
371 1866 511 1904 aetatis
539 1865 641 1904 illius
669 1866 824 1917 ingenio
852 1866 1120 1905 intercesserit.
