1665 2793
110 190 134 215 a
170 178 281 229 cujus
309 177 426 215 insita
461 177 617 229 quidem
653 176 852 215 hominum
890 177 1049 226 animis,
1089 176 1156 215 sed
1195 176 1429 216 adumbrata
1465 180 1592 220 adhuc

109 246 276 292 notione,
305 245 453 283 formae
480 245 569 283 illae
596 251 635 283 et
661 245 852 294 imagines
879 245 1240 297 profectaeoessent.

212 327 425 366 Existimat
452 328 553 365 enim
582 326 846 380 Xenophanes
873 326 958 366 illas
975 327 1134 366 deorum
1153 329 1343 380 imagines
1362 326 1458 366 nihil
1485 328 1590 369 aliud

111 408 196 433 esse
223 395 297 432 nisi
325 394 386 432 dei
415 396 621 442 notionem,
663 394 902 433 Graecorum
932 396 1070 432 animis
1099 396 1233 447 quales
1260 396 1390 447 priore
1416 384 1589 447 tempore

108 462 272 500 tuissent
312 448 468 513 speculo
508 462 618 512 quasi
656 474 948 513 repercussam,
989 475 1085 513 quas
1127 462 1262 502 eadem
1301 463 1471 511 ratione,
1512 476 1589 514 qua

108 530 228 566 animi
256 528 472 566 eruditione
499 534 751 575 mutarentur,
778 529 918 566 mutari
957 535 1152 579 oportere:
1189 531 1397 567 convenire
1432 528 1587 568 easdem

107 600 258 633 tantum
273 594 495 633 hominibus
515 593 650 633 eodem
679 608 755 646 quo
783 596 933 647 priores
962 595 1187 634 eruditionis
1216 599 1357 646 gradus
1377 596 1586 634 consisten-

108 667 179 710 tes,
207 662 436 700 evertendas
463 662 582 711 igitur
611 667 649 700 et
675 662 882 700 mutandas
911 676 996 701 esse
1023 676 1092 715 pro
1122 663 1226 700 omni
1264 676 1414 714 semper
1449 663 1586 701 aetatis

108 730 274 780 ingenio.

211 813 274 850 Ita
302 813 414 850 etiam
436 812 509 850 sibi
536 812 651 850 licere
678 812 738 850 vel
776 812 826 849 ad
862 812 1030 850 officium
1068 826 1179 850 suum
1216 813 1407 863 pertinere
1443 820 1585 860 censet,

107 884 150 918 ut
170 872 408 918 Graecorum
437 878 684 930 opinionibus
714 879 925 930 antiquitus
953 880 1121 931 acceptis
1150 878 1396 918 subtilionem
1426 879 1490 918 dei
1519 894 1583 919 no-

107 948 262 994 tionem,
291 947 342 984 ad
370 953 523 997 tempus
551 948 855 994 convenientem,
884 946 1009 997 qualis
1037 960 1106 985 suo
1121 948 1249 984 animo
1270 947 1496 985 obversetur
1524 961 1588 999 op-

108 1018 246 1064 ponat:
286 1012 451 1050 hominis
479 1013 580 1050 enim
608 1026 711 1060 esse,
739 1012 925 1063 quidquid
954 1012 1007 1050 dii
1035 1012 1152 1050 semel
1178 1013 1482 1062 significaverint
1508 1027 1586 1052 am-

109 1080 210 1131 plius
239 1081 440 1131 exquirere
468 1086 506 1117 et
533 1080 704 1127 expolire
717 1080 759 1130 ⁹¹⁴)

216 1162 294 1201 Sed
331 1161 452 1200 divini
488 1162 589 1201 illius
632 1162 800 1200 numinis
828 1162 1022 1200 notionem
1060 1163 1266 1213 exquirens
1302 1168 1340 1201 et
1379 1163 1588 1216 expoliens,

110 1231 308 1280 singulare
336 1231 452 1268 etiam
481 1231 664 1281 quiddam
694 1230 948 1281 spectandum
978 1229 1051 1267 sibi
1071 1243 1156 1267 esse
1176 1231 1336 1281 putavit.
1392 1231 1589 1269 Sententia

110 1298 192 1348 ejus
222 1296 270 1335 de
298 1301 385 1335 ortu
399 1296 594 1347 religionis
610 1297 849 1335 Graecorum
877 1302 954 1334 est:
984 1309 1032 1334 ex
1060 1309 1132 1334 sua
1158 1303 1299 1335 natura
1322 1303 1474 1336 veteres
1502 1298 1589 1337 deo·

109 1378 194 1402 rum
223 1365 414 1413 imagines
443 1363 516 1401 sibi
540 1365 699 1402 finxisse
714 1364 803 1411 **).

215 1446 292 1484 Sed
320 1445 368 1484 de
395 1446 583 1497 ejusmodi
613 1446 769 1485 deorum
799 1445 1035 1494 imaginibus
1055 1444 1320 1496 Xenophanes
1349 1445 1507 1497 judicat,
1534 1447 1589 1485 fa-

109 1513 180 1552 cile
208 1527 292 1551 esse
322 1528 369 1552 ex
398 1515 526 1552 animo
555 1527 624 1551 suo
667 1520 704 1551 et
739 1513 974 1562 cogitatione
1012 1512 1105 1549 deos
1145 1511 1217 1549 sibi
1254 1512 1420 1562 fingere,
1448 1527 1591 1568 'omnes

109 1582 210 1620 enim
239 1586 374 1631 gentes
402 1581 624 1629 ingeniosas
667 1581 761 1619 satis
801 1581 942 1627 fuisse,
982 1585 1024 1617 ut
1066 1578 1158 1617 deos
1199 1578 1271 1617 sibi
1311 1581 1587 1631 excogitarent,

110 1662 227 1700 quum
255 1650 425 1700 corporis
455 1649 579 1686 forma
617 1641 1035 1700 (ἀνθρωπομόρφους)
1073 1653 1111 1684 et
1147 1646 1266 1684 animi
1304 1647 1472 1685 motibus
1511 1646 1591 1694 (ἀν-

111 1715 426 1766 θρωποπαθεῖς)
454 1716 511 1751 sui
542 1715 684 1752 similes
713 1728 778 1751 eos
808 1713 985 1751 faciendo
1014 1715 1324 1764 acquiescerent:
1353 1715 1444 1764 quin
1473 1716 1591 1752 immo

109 1783 162 1819 rei
193 1780 396 1830 augendae
432 1794 552 1817 causa
581 1804 629 1808 —
659 1786 699 1817 ut
735 1781 939 1830 opinamur
968 1803 1015 1807 ——
1046 1780 1220 1817 veritatis
1262 1780 1520 1830 superlatione
1557 1787 1594 1818 et

362 1924 390 1962 *)
432 1923 533 1952 Οὔτοι
558 1921 612 1952 ἀπ’
638 1922 737 1963 ἀρχῆς
763 1922 873 1952 πάντα
901 1924 978 1953 θεοὶ
1002 1925 1142 1959 θνητοῖς
1165 1921 1358 1958 ὑπέδειξαν,

429 1973 531 2004 Ἀλλὰ
554 1974 664 2013 χρόνῳ
693 1976 866 2011 ζητοῦντες
888 1977 1140 2012 έφευρίοκουσιν
1164 1976 1315 2012 ἄμεινον.

108 2043 202 2074 Stob.
227 2042 385 2082 Florileg.
409 2041 477 2072 Tit.
502 2041 630 2071 XXlX.
660 2046 737 2072 sect.
762 2043 813 2073 41.
837 2042 889 2072 e‹l.
915 2040 1024 2072 Gaisf.
1048 2046 1082 2072 et
1105 2041 1220 2083 Eclog.
1248 2042 1285 2073 P.
1309 2042 1335 2073 Ι.
1359 2053 1391 2083 p.
1414 2044 1484 2075 224.

193 2111 240 2149 *Ἴ
285 2107 492 2150 Intelligitur
524 2107 609 2138 illud
643 2118 718 2139 cum
742 2118 779 2139 cx
806 2107 880 2138 aliis
905 2107 1004 2138 dictis
1028 2112 1097 2138 tum
1121 2117 1160 2138 cx
1184 2108 1241 2140 illo
1262 2109 1353 2150 quod
1376 2113 1594 2142 servaverunt

107 2162 263 2194 Clemens
288 2160 535 2192 Alexandrinus
559 2160 696 2200 (sSirom.
721 2160 758 2192 V.
783 2171 814 2201 p.
838 2160 910 2191 601.
935 2159 985 2200 C.)
1009 2163 1042 2190 et
1066 2160 1233 2191 Eusebius
1262 2163 1393 2202 (praep.
1417 2172 1466 2194 ev.
1497 2162 1591 2194 XIII.

109 2226 139 2255 p¹
165 2215 235 2246 678.
263 2214 356 2254 1⁷).)¹)
379 2213 438 2245 cfr.
463 2214 565 2245 Clem.
592 2213 688 2244 Alex.
714 2213 834 2244 Strom.
858 2211 935 2243 V11.
959 2222 990 2251 p.
1015 2213 1085 2243 711.
1111 2212 1152 2243 B:

183 2280 342 2318 ‘'Eur-vec
364 2279 399 2312 δὲ
430 2281 545 2322 ὥσπερ
571 2279 894 2323 ἀνθρωπομόρφους
924 2277 1012 2309 οὕτω
1042 2282 1098 2309 καὶ
1129 2278 1480 2322 ἀνθρωποπαπαθεῖς
1518 2281 1593 2313 τοὺς

108 2335 210 2367 θεοὺς
232 2334 472 2372 ὑποτίθενται,
504 2337 561 2363 καὶ
585 2334 745 2373 καθάπερ
768 2333 826 2363 τὰς
854 2331 987 2372 μορφὰς
1020 2331 1132 2362 αὐτῶν
1160 2332 1277 2368 ὁμοίης
1300 2333 1429 2365 ἑαυτοῖς
1458 2336 1592 2364 ἕκαστοι

108 2384 393 2427 διαζωγραφοῦσι,
422 2384 463 2417 ὥς
482 2397 584 2426 φησιν
608 2384 625 2414 ὁ
639 2383 1025 2424 Ξενοφᾰνης”Αίι’)ιόπε’ς
1048 2395 1085 2413 τε
1104 2383 1246 2422 μέλανας
1270 2384 1382 2422 σιμούς
1405 2397 1450 2419 τε,
1469 2386 1593 2427 Θρᾷκές

108 2451 144 2469 τε
158 2437 304 2479 πυρῥοὺς
321 2440 376 2467 καὶ
401 2436 569 2478 γλαυκούς·
594 2435 682 2466 οὕτω
696 2436 821 2469 ’calvis
843 2436 947 2476 ψυχὰς
965 2435 1132 2476 ὁμοιοῦσι,
1157 2438 1213 2466 uni
1236 2439 1305 2468 τοῖς
1327 2436 1591 2467 ἀναπλάττουσι.

322 2552 347 2590 ¹)
387 2548 488 2581 ‘Ami
511 2553 633 2592 βροτοὶ
656 2547 809 2580 δοκέουσι
832 2549 935 2582 θεοὺς
957 2549 1151 2592 γεννᾶσθαι
1179 2566 1211 2570 -

385 2604 452 2640 Τὴν
475 2606 638 2643 σφετέρην
660 2603 689 2633 τ’
713 2603 876 2640 αἴσθησιν
898 2603 986 2640 ἔχειν
1008 2601 1128 2643 φωνήν
1150 2614 1187 2632 τε
1209 2599 1308 2639 δέμας
1326 2613 1372 2632 τε.
