1665 2793
659 114 914 153 „31-

49 235 147 269 care,
172 225 215 257 ut
240 218 292 256 ad
320 217 441 256 solam
469 218 588 255 animi
615 222 796 255 naturam
824 218 955 256 omnia
992 218 1152 256 consilia
1179 224 1217 256 et
1257 218 1361 256 facta
1402 218 1520 255 refer-

50 292 189 329 rentur.
243 285 421 335 Namque
449 297 564 335 quum
594 283 736 323 Graeci
762 297 841 323 non
868 284 990 323 solum
1019 285 1165 337 ingenii
1193 284 1371 324 ubertate
1399 283 1519 323 abun-

49 352 290 401 darentrsed
317 353 433 389 etiam
462 354 634 403 corporis
651 352 860 390 virtutibus
875 353 1131 402 splenderent,
1160 353 1273 390 facile
1300 353 1452 400 accidit,
1479 359 1522 389 ut

48 422 106 462 vel
134 419 299 472 optimus
328 419 488 470 quisque
508 418 760 471 voluptatum,
787 425 950 458 venusta
978 421 1105 472 specie
1133 419 1411 467 excellentium,
1441 425 1519 457 stu-

50 492 111 528 dio
137 492 333 525 teneretur
359 492 475 537 atque
502 487 773 538 comparandis
801 488 972 537 corporis
1001 488 1207 526 virtutibus
1251 488 1521 537 acquiesceret.

49 557 134 596 Huc
161 553 322 603 accedit,
348 554 450 606 quod
477 559 625 592 tantum
655 554 803 602 aberat,
826 560 870 593 ut
896 554 1159 607 voluptatibus
1186 554 1262 593 illis
1282 554 1519 593 Graecorum

48 624 164 665 animi
190 622 412 674 simpliciter
437 622 744 674 profligarentur,
771 629 826 672 ut,
866 624 916 661 ad
944 636 1119 662 summae
1146 623 1208 663 vel
1234 627 1406 675 corporis
1433 635 1518 674 per-

47 691 220 732 fectionis
266 690 433 742 speciem
476 690 586 741 enisi,
630 690 735 729 nullo
761 690 867 729 vitae
904 691 1040 731 decore
1068 697 1106 729 et
1134 696 1361 730 ornamento
1387 702 1520 728 carere

49 760 278 798 viderentur.

148 825 202 865 Ut
230 826 333 864 enim
359 825 421 864 vel
449 825 630 864 Socrates
656 826 739 878 ipse
767 839 855 864 cum
883 824 1083 877 discipulis
1119 826 1210 871 suis,
1256 824 1365 864 salva
1403 824 1520 863 hone-

50 900 156 941 state,
183 894 395 931 amicarum
408 893 728 931 consuetudinem
750 907 829 932 non
842 906 1000 950 prprsus
1019 893 1292 930 contemnebat
1309 905 1435 942 neque
1454 905 1519 942 po-

48 960 141 999 culis
167 961 296 999 minus
322 960 434 1000 fortis
460 966 544 999 erat
569 970 687 1013 quam
715 961 849 1000 armis:
880 958 936 998 it'a
955 960 1053 998 alius
1072 961 1247 1012 quisque,
1274 960 1452 1011 quamvis
1472 959 1522 998 ad

49 1042 237 1068 summum
261 1028 444 1079 quodque
470 1029 729 1080 appetendum
758 1030 978 1076 eniteretur,
1008 1028 1167 1066 deorum
1194 1027 1371 1079 exemplo
1398 1026 1524 1078 pellici

48 1096 190 1148 potuit,
234 1101 276 1134 ut
302 1097 423 1135 vitam
447 1096 574 1134 levem
601 1095 760 1146 degeret
787 1100 825 1134 et
858 1094 1065 1144 lascivam,
1111 1094 1360 1133 nihilominus
1396 1100 1525 1133 autem

50 1164 261 1202 venustatis
306 1169 344 1201 et
388 1163 603 1213 elegantiae
648 1163 821 1215 plenam,
866 1169 904 1200 et
951 1176 1051 1213 quae
1095 1162 1309 1200 honestatis
1355 1162 1524 1214 speciem

49 1229 260 1280 praeberet.

151 1297 240 1347 Qua
284 1298 414 1350 specie
455 1303 662 1350 perspecta
706 1311 824 1350 quum
871 1296 1214 1337 animadvertisset
1259 1295 1525 1348 Xenophanes

49 1366 304 1415 corruptelam
332 1379 481 1403 morum
506 1366 582 1403 sub
610 1366 822 1404 honestatis
856 1367 985 1416 specie
1020 1365 1224 1412 latentem,
1259 1364 1525 1414 voluptatibus

49 1432 125 1483 jam
153 1446 231 1472 non
259 1432 385 1485 decipi
412 1433 546 1484 potuit,
575 1432 643 1471 sed
671 1433 815 1472 eversis
842 1432 1048 1471 fallacibus
1074 1431 1229 1470 virtutis
1257 1431 1358 1470 illius
1386 1431 1523 1470 funda-

50 1501 187 1539 mentis
216 1501 256 1538 id
284 1502 382 1550 egit,
409 1507 452 1539 ut
477 1502 581 1539 vitae
607 1503 776 1540 rationes
804 1501 1039 1552 exquireret,
1068 1512 1167 1550 quae
1195 1499 1349 1537 homine
1376 1498 1524 1549 dignio—

47 1580 107 1604 res
135 1575 273 1608 essent.
328 1568 481 1617 Quibus
518 1569 559 1606 in
587 1569 835 1619 exquirendis
862 1582 910 1606 ea
937 1568 1159 1605 constantia
1185 1573 1280 1614 erat,
1307 1573 1360 1615 ut,
1388 1579 1522 1618 quam-

50 1635 107 1672 vis
133 1635 180 1672 de
208 1635 401 1674 humanae
429 1636 568 1674 mentis
595 1635 830 1684 infirmitate,
856 1635 959 1687 quod
987 1635 1037 1673 ad
1064 1634 1376 1685 cognoscendam
1390 1647 1524 1672 veram

50 1714 175 1739 rerum
199 1709 377 1742 naturam
405 1717 482 1742 non
509 1703 722 1752 sufficeret,
759 1703 999 1755 desperaret,
1039 1708 1170 1740 tamen
1198 1701 1246 1739 de
1274 1701 1440 1739 hominis
1467 1701 1522 1739 di-

50 1770 195 1817 gnitate
241 1784 319 1809 non
362 1770 568 1818 dubitaret,
612 1770 680 1809 sed
716 1771 879 1809 eandem
908 1770 1120 1808 observans
1148 1775 1187 1807 et
1213 1768 1343 1807 colens
1370 1769 1524 1807 virtutis

50 1848 205 1874 causam
233 1843 272 1875 et
297 1838 412 1876 finem
441 1838 632 1889 reperisse
661 1853 702 1876 se
740 1838 991 1886 existimaret,
1035 1837 1263 1888 largumque
1304 1837 1412 1885 satis,
1452 1837 1525 1874 etsi

51 1916 127 1940 non
154 1903 261 1942 illum
287 1918 401 1956 quem
431 1912 705 1958 exspectasset,
745 1907 912 1943 fructum
953 1919 1002 1942 ex
1040 1905 1287 1956 philosophia
1326 1905 1524 1956 percipere

50 1976 187 2019 posset.

150 2039 299 2083 Eadem
319 2047 448 2079 autem
467 2040 697 2090 constantia,
721 2053 799 2091 qua
817 2041 856 2078 in
875 2039 1142 2092 philosophiae
1161 2039 1289 2078 studio
1306 2040 1477 2077 animum
1497 2053 1521 2077 a

52 2105 227 2145 sensibus
257 2114 500 2158 avocaverat,
529 2108 581 2147 ad
608 2108 866 2159 appetendam
899 2108 1078 2146 virtutem
1115 2107 1300 2155 adhibita,
1326 2107 1407 2145 fieri
1443 2120 1521 2145 non

51 2173 184 2221 potuit,
213 2175 305 2225 quin
334 2175 614 2227 adipisceretur
640 2176 744 2226 quod
772 2176 972 2214 honestum
1002 2189 1085 2214 esse
1111 2176 1366 2225 cognovisset.

151 2239 382 2280 Omittentes
411 2249 539 2280 autem
568 2243 782 2293 exquirere,
809 2242 951 2292 quibus
967 2242 1082 2279 etiam
1101 2241 1388 2280 infirmitatibus
1403 2254 1522 2291 quum

52 2307 174 2344 omnis
200 2321 351 2346 morum
377 2309 592 2359 disciplina,
618 2322 697 2347 non
715 2309 889 2360 profecta
916 2309 991 2347 nisi
1010 2308 1061 2346 ab
1085 2309 1250 2346 hominis
1263 2314 1412 2356 natura,
1439 2314 1521 2345 tum

51 2372 165 2410 etiam
183 2374 260 2424 illa,
288 2389 405 2427 quam
425 2377 559 2414 statuit
573 2375 848 2428 Xenophanes,
865 2376 1027 2425 laboret,
1046 2376 1245 2414 videamus
1264 2376 1403 2427 potius,
1422 2388 1521 2426 quae

51 2440 147 2478 ratio
175 2441 432 2493 Xenophanis
460 2443 507 2481 de
534 2443 707 2481 moribus
734 2445 905 2495 opinioni
933 2457 1019 2481 cum
1058 2443 1196 2481 aetatis
1228 2442 1331 2480 illius
1366 2443 1522 2492 ingenio

51 2504 324 2557 intercesserit,
352 2524 470 2562 quum
498 2510 538 2548 id
566 2511 692 2561 egisse
719 2510 897 2549 videatur
926 2510 1207 2563 Xenophanes,
1235 2515 1277 2547 ut
1302 2509 1522 2560 aequalium

52 2584 205 2612 suorum
232 2579 395 2625 animos,
421 2579 487 2629 qui
513 2578 629 2616 rebus
648 2578 791 2616 fictitiis
810 2578 1066 2625 inhaererent,
1092 2577 1285 2625 liberaret,
1312 2590 1523 2628 eorumque

55 2637 100 2677 de
125 2643 295 2682 moribus
323 2646 524 2696 opiniones
551 2646 770 2697 corrigeret.
