1665 2793
683 63 941 104 -20-

75 173 238 220 gaturus
253 167 413 206 Homeri
428 167 607 206 omnibus
636 167 717 205 noti
743 180 853 225 usum
883 167 1035 207 facilius
1063 169 1251 221 receperit
1277 182 1391 220 quam
1412 170 1556 221 Pytha-

76 248 207 286 gorae,
234 236 343 286 cujus
373 234 550 272 doctrina
578 249 601 272 a
630 235 753 273 doctis
781 241 932 272 tantum
959 235 1257 289 intelligebatur.

182 303 318 354 Itaque
346 303 377 339 si
406 301 669 355 Xenophanes
700 301 860 340 vocibus
889 299 995 355 φρὴν
1024 310 1061 349 et
1087 303 1181 350 νοῦς
1206 317 1333 345 usus
1344 303 1557 342 Homerum

78 377 231 408 secutus
266 384 351 408 esse
389 370 560 418 videtur,
609 384 685 407 non
729 383 815 422 eam
853 371 1042 409 rationem
1079 372 1228 410 numini
1256 372 1392 418 *divino
1432 372 1559 409 inesse

76 438 281 486 intellexit,
317 437 368 476 ad
405 451 521 489 quam
558 437 883 489 quemadmodum
928 437 1048 477 Stoici
1088 438 1226 478 volunt
1274 440 1398 480 omnis
1437 439 1559 479 virtus

76 506 201 558 possit
229 505 528 544 accommodari.

178 572 269 611 Jam
298 587 389 612 vero
430 573 480 611 ad
506 573 716 645 Spinozam
754 571 1028 625 respiciamus,
1066 573 1128 624 qui
1170 572 1271 612 idem
1300 573 1558 627 Xenophanis

77 655 155 680 non
186 641 392 688 dissimilis,
423 655 538 692 saepe
559 642 643 692 jain
673 654 760 678 cum
796 654 840 678 eo
869 647 1116 692 comparatus
1144 647 1203 689 est
1218 643 1270 692 ⁹⁵).
1324 633 1453 680 Etiam
1473 641 1558 706 Spi-

78 722 178 746 noza
207 708 359 746 omissis
388 708 587 757 religionis
616 721 709 744 suae
747 707 942 745 mosaicae
977 707 1294 755 auctoritatibus,
1330 695 1426 746 nihil
1462 707 1560 745 chri-

78 777 228 815 stianae
257 776 456 826 icligionis
486 776 692 827 accipiens,
720 775 806 827 ipsa
833 788 874 813 re
903 782 940 814 et
967 776 1116 814 ratione
1137 776 1338 814 veritatem
1358 777 1560 827 exquirere

77 844 235 883 studuit.
293 844 477 881 Animum
514 856 626 880 suum
665 855 689 880 a
727 856 767 881 se
803 843 886 894 ipso
926 842 1176 881 dissidentem
1212 843 1253 880 in
1292 842 1560 890 desiderando,

76 911 254 960 volendo,
282 911 460 949 debendo
475 909 726 962 tranquillare
753 911 936 962 gestienS,
963 909 1052 949 illuc
1081 923 1121 949 se
1145 910 1319 950 attollere
1333 909 1463 964 cupiit,
1492 909 1557 949 ubi

77 986 280 1018 aeternum
308 980 401 1017 illud
430 979 588 1017 humani
629 979 748 1016 animi
790 978 993 1016 discidium
1038 978 1332 1029 dissolveretur,
1372 992 1556 1017 summus—

76 1061 150 1099 que
183 1047 303 1085 animi
332 1047 543 1085 motionum
575 1052 784 1085 concentus
813 1052 928 1098 atque
956 1059 1166 1085 consensus
1194 1053 1494 1100 compararetur.

182 1115 448 1153 Substantiam
477 1114 675 1166 quandam
703 1128 850 1166 ponens
883 1113 1096 1152 libertatem
1116 1114 1222 1152 illam
1256 1115 1445 1165 reperisse
1484 1112 1559 1151 sibi

76 1191 185 1220 visus
210 1190 284 1231 est,
311 1195 400 1233 qua,
429 1194 694 1233 quaecumque
723 1182 917 1220 contraria
944 1182 1043 1220 inter
1071 1195 1111 1220 se
1139 1187 1268 1220 essent
1294 1182 1333 1220 in
1360 1180 1559 1220 hominum

78 1251 230 1300 animis,
260 1250 309 1288 ad
338 1249 476 1288 beatae
504 1249 663 1288 unitatis
686 1250 876 1288 rationem
905 1250 1189 1289 reducerentur.
1231 1250 1357 1289 Deum
1391 1248 1559 1301 appella-

80 1318 136 1356 vit
158 1317 265 1355 illam
294 1317 564 1366 substantiam,
593 1330 709 1369 quam
738 1316 893 1355 extendi
912 1323 951 1355 et
969 1317 1141 1366 cogitare
1160 1317 1409 1369 praedicavit.
1451 1316 1558 1354 Men-

78 1391 154 1422 tem
188 1384 397 1422 humanam
419 1398 503 1423 esse
522 1391 670 1436 partem
691 1384 830 1422 infiniti
848 1383 1063 1422 intellectus
1083 1383 1239 1436 dei**)3
1260 1384 1322 1422 dei
1340 1384 1561 1434 cognitione

82 1452 275 1490 hominem
304 1464 390 1489 cum
420 1451 491 1491 deo
519 1452 573 1490 ita
602 1454 641 1490 in
669 1466 787 1490 unum
825 1452 946 1500 coire,
982 1459 1025 1490 ut
1058 1453 1238 1490 voluntas
1273 1459 1312 1491 et
1346 1452 1560 1491 intellectus

83 1521 165 1571 ejus
194 1533 404 1570 numquam
435 1533 458 1557 a
487 1534 527 1558 se
556 1520 788 1558 dissentiant
803 1520 905 1571 ***).
960 1520 1160 1571 Quidquid
1200 1520 1343 1558 bonum
1373 1526 1561 1570 agnoscat

83 1587 319 1629 intellectus.
356 1587 547 1626 voluntati
585 1594 768 1638 appetere
802 1600 960 1625 necesse
997 1600 1100 1636 esse,
1143 1587 1257 1625 deum
1294 1588 1374 1625 suis
1410 1587 1561 1637 legibus

80 1653 300 1704 gubernare
328 1654 532 1701 hominem,
560 1655 616 1692 ita
652 1661 694 1692 ut
728 1654 841 1692 homo
880 1655 1007 1693 facere
1036 1668 1112 1693 non
1148 1655 1290 1706 possit,
1333 1655 1424 1706 quin
1462 1654 1561 1693 bene

81 1728 185 1770 agat.

188 1787 320 1826 Facile
340 1787 577 1838 intelligitur,
606 1788 829 1826 mechanice
848 1788 921 1826 hac
940 1790 1089 1827 ratione
1104 1790 1285 1827 virtutem
1306 1789 1416 1838 effici,
1444 1803 1561 1841 quum

84 1870 233 1893 moi-uni
263 1855 468 1906 disciplina
496 1861 657 1892 naturae
686 1855 837 1904 legibus
866 1857 1117 1894 contineatur.

189 1978 221 2013 ἦ)
266 1976 470 2017 Pet.ssay1‹·‚
495 1976 572 2006 dict.
598 1974 673 2006 hist.
698 1980 732 2006 et
756 1976 827 2007 erit.
850 1977 1044 2018 (Xenoph.):
1077 1977 1103 2008 ll
1130 1977 1222 2008 avait
1243 1987 1300 2008 sur
1323 1976 1357 2008 la
1379 1982 1499 2008 nature
1523 1978 1564 2008 de

85 2030 161 2060 (lien
189 2039 252 2060 nne
277 2027 426 2069 opinion.
454 2027 511 2068 qui
535 2031 620 2058 n'est.
641 2027 744 2068 gnere
767 2028 945 2059 differente
968 2028 1010 2059 de
1033 2028 1252 2070 Spinozisme.

169 2083 199 2113 J.
225 2081 266 2113 G.
294 2080 414 2112 Buhie:
458 2080 508 2110 De
535 2084 610 2111 ortu
633 2083 667 2110 ct
688 2089 871 2122 progressu
895 2080 1098 2121 pantheismi
1123 2082 1200 2113 inde
1224 2092 1243 2112 a
1265 2080 1478 2122 Xenophane
1501 2084 1565 2113 etc.

84 2136 114 2164 in
139 2136 336 2165 Cnnnnentt.
369 2143 436 2163 soc.
470 2143 537 2174 reg.
567 2133 682 2164 scient.
708 2132 861 2173 Gotting.
886 2132 929 2164 X.
952 2144 985 2173 p.
1008 2134 1064 2165 16:
1108 2133 1209 2173 „Jam
1235 2143 1312 2164 vero
1335 2132 1564 2164 Eleaticorum

87 2186 265 2227 opiniones
291 2197 308 2214 a
333 2184 543 2225 Spinozismo
567 2184 692 2215 distare
714 2184 846 2216 etiamsi
867 2188 957 2216 recte
981 2186 1180 2226 contendas,
1202 2188 1316 2217 manet
1336 2189 1450 2217 tamen
1473 2183 1564 2227 quod

83 2242 184 2270 antea
208 2238 369 2277 diximus,
409 2237 587 2278 Spinozam
618 2247 695 2268 cum
718 2237 784 2268 illis
807 2248 873 2270 non
897 2238 1003 2270 solum
1028 2237 1072 2269 ab
1098 2248 1165 2269 uno
1189 2238 1375 2280 eodemque
1396 2237 1564 2279 principio

83 2291 215 2330 exiisse,
240 2290 297 2320 sed
322 2289 506 2320 tetendisse
531 2290 629 2320 etiam
654 2290 902 2331 quodammodo
927 2291 969 2321 ad
996 2300 1095 2321 unam
1119 2290 1329 2333 eandemque
1350 2291 1509 2322 metamfl

172 2343 231 2383 Η)
276 2342 423 2374 Nostrae
449 2343 568 2372 inentis
591 2342 738 2373 essentia
762 2343 794 2373 in
819 2343 891 2375 sola
913 2342 1106 2384 cognitione
1130 2346 1272 2381 constat,
1296 2343 1392 2384 eujus
1417 2347 1451 2373 et
1475 2343 1563 2383 prin-

83 2396 206 2436 cipium
230 2399 263 2426 et
286 2395 544 2426 fundamentum
569 2395 651 2425 deus
676 2400 736 2426 est.
781 2394 857 2425 Eth.
882 2395 941 2427 1V.
964 2405 1042 2437 opp.
1067 2396 1137 2427 101.

166 2447 262 2479 Mens
287 2446 435 2479 humana
458 2451 508 2478 est
529 2457 609 2489 pars
633 2445 753 2479 infiniti
781 2447 974 2479 intellectus
998 2448 1063 2480 dei.
1102 2447 1178 2479 Eth.
1201 2446 1243 2479 11.
1267 2458 1298 2488 p.
1322 2448 1372 2479 50.

167 2501 246 2528 *Hi
292 2499 465 2531 Summum
489 2501 609 2530 inentis
635 2500 758 2530 bonum
783 2506 834 2531 est
857 2499 911 2531 dei
938 2500 1086 2541 cognitio
1110 2504 1144 2531 et
1166 2510 1297 2531 sumnia
1320 2501 1439 2532 mentis
1458 2501 1563 2531 virtus

83 2557 133 2583 est
156 2552 254 2584 deum
278 2562 493 2595 cognoscere.
538 2551 615 2583 Eth.
638 2562 731 2593 prop.
754 2553 803 2584 28.
826 2564 859 2594 p.
885 2553 953 2585 184.

166 2604 336 2639 Voluntas
359 2610 393 2638 et
416 2604 610 2638 intellectus
635 2614 738 2636 unum
762 2608 839 2637 sunt
861 2614 901 2637 ac
923 2604 1023 2637 idem.
1074 2605 1149 2637 Eth.
1173 2604 1215 2637 ll.
1237 2616 1270 2647 p.
1292 2606 1342 2638 87.
