1665 2793
743 76 996 114 —32-

786 386 937 443 ΠΙ.

232 590 489 643 Xenophanis
517 591 565 630 de
594 590 747 629 virtutis
776 589 904 628 studio
933 593 1143 641 praecepta
1175 602 1336 641 prorsus
1377 588 1458 628 fere
1491 601 1610 641 ,oppo-

127 658 202 696 sita
228 657 350 697 fuisse
378 659 518 697 aetatis
544 658 648 698 illius
674 658 838 707 ingenio.
870 657 957 708 jam
993 670 1113 708 supra
1150 656 1342 696 diximus:
1368 655 1431 694 ille
1453 669 1610 695 omnem

127 738 278 763 morum
307 725 552 777 disciplinam
582 724 631 764 ab
661 725 828 763 hominis
857 724 1029 773 arbitrio,
1057 723 1160 762 cultu
1188 722 1344 775 quidem
1372 728 1410 763 et
1434 723 1609 762 humani—

127 798 208 831 tate
234 799 448 845 temperato
479 793 670 845 proficisci
698 793 836 841 voluit3
879 792 984 844 apud
1011 791 1183 833 Graecos
1210 792 1445 831 omnis-mos
1472 793 1526 830 ita
1553 806 1610 830 re-

127 858 272 909 ligione
299 859 520 908 nitebatur,
547 866 590 899 ut
617 859 763 898 nefarie
792 872 908 909 agere
924 859 1246 907 existimaretur,
1279 859 1345 910 qui
1372 872 1484 898 suum
1512 857 1610 898 arbi-

126 927 243 965 trium
272 927 546 978 interponeret.
600 927 803 977 Religione
830 927 961 965 omnia
988 925 1159 981 familiae
1187 931 1225 963 et
1250 925 1418 965 civitatis
1435 926 1612 965 instituta

128 992 449 1043 continebantur,
489 995 573 1046 jam
610 1007 817 1046 puerorum
845 993 1032 1032 educatio·
1051 993 1260 1044 praecipue
1287 993 1328 1031 in
1353 993 1492 1032 ionicis
1518 993 1609 1031 civi-

128 1059 276 1098 tatibus
305 1060 356 1100 ad
381 1061 424 1099 id
451 1062 621 1101 maxime
648 1061 853 1111 dirigenda
871 1059 1089 1109 videbatur,
1118 1065 1160 1098 ut
1176 1059 1363 1110 religione
1380 1072 1610 1109 mores-conf

127 1126 389 1166 formarentur
403 1129 454 1180 ²⁸).

235 1194 313 1234 Sed
342 1196 414 1234 etsi
439 1196 592 1244 Graeci,
623 1209 673 1234 ex
699 1195 765 1235 illa
793 1194 980 1246 religione
999 1194 1119 1233 veluti
1138 1208 1186 1233 ex
1205 1196 1364 1247 perenni
1384 1196 1490 1235 fonte
1517 1194 1611 1234 hau-

133 1263 279 1301 rientes
294 1293 303 1310 ‚
340 1276 454 1301 omne
490 1264 648 1315 pietatis
684 1263 881 1314 animique
907 1260 1118 1313 voluptatis
1147 1261 1380 1301 desiderium
1408 1262 1616 1314 explerent,

128 1335 262 1368 tamen
291 1329 398 1369 illum
428 1330 572 1370 fontem
603 1343 729 1382 neque
756 1331 950 1380 integrum
979 1343 1104 1382 neque
1132 1329 1341 1369 salutarem
1369 1343 1455 1370 esse
1474 1337 1613 1369 eventu

135 1402 319 1447 expertus
348 1397 502 1435 videtur
528 1397 803 1449 Xenophanes,
858 1396 1049 1436 Omnibus
1090 1397 1190 1435 enim
1220 1398 1340 1436 sacris
1368 1397 1613 1448 opinionibus

132 1477 355 1515 morumque
382 1465 612 1516 praeceptis,
641 1464 818 1516 quamvis
848 1477 999 1503 summa
1017 1465 1248 1504 auctoritate
1266 1464 1458 1514 florerent,
1486 1464 1613 1516 prohi-

132 1530 255 1568 bitum
285 1545 363 1570 non
392 1537 461 1579 est,
490 1533 594 1582 quin,
624 1531 796 1569 moribus
824 1532 950 1581 magis
977 1532 1181 1582 magisque
1208 1532 1411 1583 corruptis,
1430 1531 1614 1569 effrenata

131 1597 327 1650 cupiditas
355 1599 524 1638 civitatis
552 1600 704 1638 ruinam
732 1598 904 1638 traheret
917 1598 994 1650 Ἠ).

236 1665 476 1715 Religionem
515 1672 665 1715 autem,
702 1680 727 1704 a
753 1679 832 1717 qua
871 1667 1039 1704 omnium
1070 1666 1327 1716 cupiditatum
1353 1666 1510 1706 licentia
1538 1680 1613 1704 non

134 1731 385 1782 abhorreret,
423 1733 616 1772 infirmam
645 1740 683 1772 et
710 1732 887 1772 fallacem
916 1746 1022 1780 esse,
1058 1732 1156 1772 bene
1192 1734 1436 1785 perspexisse
1463 1734 1616 1773 videtur

135 1799 415 1850 Xenophanes,
444 1814 681 1852 quamquam
710 1801 793 1838 sola
820 1800 885 1839 illa
913 1800 1098 1849 religione
1125 1814 1274 1838 omnem
1299 1802 1509 1852 perniciem
1525 1801 1615 1839 alla-

130 1873 211 1906 tam
239 1880 337 1916 esse‚
367 1867 482 1906 nimis
512 1867 719 1907 violentum
750 1875 809 1907 est
837 1867 974 1906 dicere.
1030 1867 1188 1921 Anceps
1217 1869 1317 1908 enim
1344 1875 1428 1907 erat
1445 1868 1611 1908 Graeco-

129 1949 215 1974 rum
242 1936 388 1986 religio,
421 1941 459 1973 et
486 1935 680 1973 imbecilla
708 1935 876 1987 quidem,
912 1936 967 1973 ita
995 1942 1037 1973 ut
1063 1935 1290 1974 libidinibus
1318 1936 1547 1987 indulgeret,
1577 1942 1613 1973 et

215 2041 246 2080 ¹⁸)
291 2038 532 2079 Cfr.Creuzer‚
565 2038 680 2080 Symb.
705 2049 735 2070 u.
759 2038 868 2081 Myth.
895 2039 918 2071 1.
941 2042 959 2081 ξ
982 2041 1001 2072 6
1024 2039 1057 2072 st.
1103 2038 1217 2071 Prima
1239 2039 1385 2081 pueritia
1406 2039 1532 2072 fabulis
1555 2039 1612 2071 im-

132 2092 314 2131 buebatur,
339 2091 531 2133 provectior
553 2095 649 2123 aetas
673 2101 802 2122 morum
825 2101 930 2123 causa
955 2091 990 2123 in
1012 2091 1271 2133 pronuntiandis
1294 2091 1500 2124 carminibus
1524 2102 1614 2124 exer-

132 2144 285 2185 cebatur,
321 2144 374 2176 cui
404 2143 453 2177 rei
483 2143 665 2176 selectione
685 2142 801 2176 habita
824 2153 938 2176 eorum
961 2147 1138 2186 poetarum
1167 2153 1283 2185 opera,
1320 2143 1379 2186 qui
1402 2144 1443 2176 de
1466 2144 1613 2177 moribus

132 2197 358 2238 scripserant,
391 2197 575 2239 prat-cipue
606 2195 761 2236 Homeri,
784 2195 941 2235 Hesiodi,
965 2195 1164 2236 Simonidis,
1195 2196 1425 2229 inserviebant
1477 2195 1612 2228 Homeri

132 2249 285 2281 carmina
308 2258 329 2280 a
350 2248 575 2280 Pisistratidis
609 2248 752 2280 collecta
785 2253 817 2280 et
848 2248 1025 2292 divulgata
1059 2249 1142 2291 (Ael.
1168 2258 1235 2281 var.
1259 2249 1336 2282 hist.
1359 2248 1451 2280 XIII.
1475 2250 1522 2282 14.
1546 2248 1613 2281 Cic.

133 2302 165 2332 d.
190 2305 276 2333 orat.
300 2300 359 2332 ΙΙΙ.
383 2301 459 2341 34.),
481 2301 556 2342 ipso
579 2300 802 2342 Xenophanis
824 2305 975 2343 tempore
1008 2301 1151 2333 multum
1180 2301 1380 2333 auctoritate
1403 2301 1549 2333 valuisse
1570 2300 1614 2332 vi-

133 2355 259 2386 dentur
280 2363 392 2394 neque
415 2353 588 2385 minimum
613 2352 705 2393 apud
729 2352 970 2394 Colophonios,
1010 2353 1068 2396 qui
1102 2363 1176 2385 cum
1211 2363 1268 2385 sex
1299 2353 1366 2385 illis
1399 2353 1541 2386 urbibus
1573 2354 1613 2384 de

134 2407 263 2446 „stirpe
287 2405 430 2447 insignis
452 2405 591 2437 Homeri
614 2407 782 2436 eertasse“
806 2406 996 2438 traduntur.
1039 2405 1140 2447 (Gell.
1164 2405 1204 2439 N.
1228 2406 1268 2438 A.
1292 2405 1351 2437 111.
1377 2407 1440 2448 11.)

216 2459 263 2498 **)
307 2457 439 2491 Aelian.
464 2457 544 2489 Var.
574 2457 648 2489 hist.
680 2456 704 2488 I.
737 2458 792 2489 19:
829 2456 868 2490 uA
902 2458 967 2500 γιὶρ
1002 2461 1061 2489 οὐκ
1095 2459 1162 2488 nm
1195 2461 1265 2491 τοῖς
1298 2457 1432 2491 πολλοῖς
1460 2459 1612 2501 γνώριμα

132 2513 226 2541 ταῦτ’
247 2510 312 2552 ἐγώ
337 2511 413 2550 ἐρῶ·
456 2510 696 2551 Κολοφωνίου.-
721 2513 803 2551 quun*
826 2513 883 2540 καὶ
910 2510 1029 2543 αὐτοὺς
1052 2509 1107 2540 διὰ
1142 2513 1211 2540 τῶν
1243 2509 1331 2541 πάνυ
1359 2514 1497 2552 τρυφῶν
1527 2511 1612 2542 ἄπο-

133 2561 265 2593 λέσθαν
287 2565 344 2593 καὶ
365 2562 432 2605 γάρ
464 2575 517 2594 τοι
547 2564 604 2593 καὶ
636 2555 731 2592 oium
758 2562 880 2600 ἐσθῆτι
914 2562 1091 2594 πολυτελεῖ
1119 2563 1335 2602 έθρύπτονιυ
1366 2567 1422 2595 καὶ
1453 2564 1614 2606 τραπέζης

134 2615 266 2655 ἀσωτίᾳ
288 2618 346 2645 καὶ
367 2614 452 2658 ὑπὲρ
473 2616 535 2654 τὴν
557 2619 673 2659 χρεῖαι]
694 2615 861 2657 χρώμενοι
885 2614 1039 2658 ὕβριζον.
