1665 2793
799 565 861 623 Ι.

138 828 144 831 -
193 773 465 853 Xenophanes
493 801 717 866 Colophone
744 801 942 850 oriundus,
968 801 1116 840 colonia
1144 801 1194 839 ab
1221 801 1380 839 Ionibus
1405 803 1446 840 in
1467 802 1566 841 Asia

93 871 238 908 minore
266 869 486 917 constituta,
516 882 591 919 quo
620 882 722 907 anno
751 874 865 907 natus
893 868 944 906 sit
970 868 1021 906 ab
1050 868 1219 919 antiquis
1247 867 1410 907 testibus
1441 867 1563 906 ambi-

91 936 204 986 gitur.
256 934 426 974 Karsten
441 935 478 986 *)
507 936 681 973 excussis
710 924 889 974 omnibus
925 941 1099 973 veterum
1138 930 1368 973 testimoniis
1402 940 1440 972 et
1466 935 1566 973 inter

93 1017 132 1042 se
159 1002 393 1055 comparatis
421 1001 469 1040 de
497 1001 752 1053 Xenophanis
779 1006 907 1041 aetate
933 1002 988 1040 ita
1015 1001 1222 1053 judicavit:
1265 1000 1385 1050 „Flos
1415 1002 1498 1053 ejus
1524 1002 1565 1039 in

91 1071 149 1109 Ol.
176 1071 228 1109 60
252 1069 400 1117 incidit,
427 1075 470 1107 ut
496 1076 646 1108 veteres
673 1075 885 1117 testantur3
914 1076 952 1108 et
979 1076 1166 1120 quantum
1194 1083 1243 1107 ex
1262 1083 1390 1107 rerum
1418 1075 1564 1121 tempo-

91 1150 252 1189 rumque
279 1137 538 1175 monumentis
564 1136 695 1187 colligi
723 1142 850 1187 potest
876 1136 1080 1187 probabile
1108 1143 1185 1185 est,
1228 1150 1316 1174 eum
1361 1149 1440 1174 non
1476 1141 1567 1174 ante

91 1204 148 1243 Ol.
165 1204 215 1242 70
233 1203 455 1251 decessisse,
483 1217 574 1254 ergo
604 1217 675 1242 nec
703 1210 791 1242 ante
818 1204 941 1243 4501.
970 1210 1103 1242 natum
1132 1217 1227 1251 esse,
1255 1218 1342 1242 cum
1372 1204 1454 1241 vita
1483 1205 1566 1254 ejus

89 1276 242 1308 centum
277 1270 378 1309 ferre
412 1270 522 1308 annis
559 1270 750 1322 completa
784 1270 918 1308 fuerit:
958 1272 1088 1322 itaque
1123 1271 1265 1308 vixerit
1299 1269 1380 1308 fere
1407 1283 1442 1308 a.
1472 1267 1564 1308 Chr.

90 1338 347 1376 600—500.“
390 1337 444 1374 Et
463 1336 632 1375 Mullach
641 1337 700 1389 **)
719 1338 759 1374 in
777 1339 1016 1389 praefatione
1032 1338 1083 1376 ad
1106 1337 1361 1388 Xenophanis
1380 1336 1564 1388 reliquias

91 1404 300 1456 separatim
326 1404 523 1452 instituta,
563 1403 784 1455 philosophi
810 1403 911 1443 illius
941 1410 1106 1442 aetatem
1135 1404 1322 1442 definiens
1349 1400 1563 1455 Apollodo-

88 1485 172 1509 rum
202 1472 384 1523 sequitur,
423 1472 489 1522 qui
516 1484 604 1509 eum
632 1470 690 1509 Ol.
719 1471 771 1509 40
796 1477 930 1510 natum
959 1472 1087 1510 tradit.
1140 1471 1278 1522 Itaque
1318 1470 1455 1510 eadem
1483 1471 1564 1509 fe're

89 1540 280 1577 sententia
307 1539 481 1577 consistit
508 1552 584 1589 qua
611 1538 793 1576 Karsten.
849 1538 1110 1577 Confirmatur
1135 1538 1201 1576 illa
1229 1538 1422 1576 sententia
1453 1539 1563 1576 Sexti

88 1606 276 1657 Empirici
309 1606 526 1644 testimonio
564 1605 667 1656 (adv.
701 1605 822 1644 Math.
860 1605 888 1645 I.
918 1605 960 1645 C.
992 1607 1049 1644 12.
1078 1606 1154 1645 257
1184 1605 1241 1644 ed.
1269 1605 1426 1646 Fabric,
1453 1606 1563 1656 Lips.

92 1673 219 1723 1718),
247 1686 332 1710 cum
363 1686 437 1723 quo
465 1673 656 1710 consentit
682 1671 876 1710 Eusebius
904 1673 968 1723 qui
996 1672 1108 1723 (Can.
1136 1672 1267 1711 chron.
1296 1672 1347 1710 ad
1375 1672 1432 1712 Ol.
1452 1673 1503 1711 56
1530 1687 1563 1712 a.

86 1739 128 1790 4)
138 1740 312 1793 potavit:
342 1734 571 1793 Ξενοφάνης
591 1736 613 1778 ὁ
632 1735 893 1792 Κὸλοφώνιος
914 1740 1150 1789 ὲγνωρίζετο,
1170 1745 1208 1777 et
1226 1739 1424 1790 Diogenes
1443 1739 1563 1778 Laer-

89 1808 176 1856 tius,
216 1809 281 1858 qui
322 1798 555 1845 enumeratis
583 1806 838 1859 Xenophanis
875 1806 1056 1858 operibus
1099 1807 1265 1847 addidit:
1322 1809 1388 1845 καὶ
1416 1803 1565 1857 ἤκμαζε

89 1871 195 1913 κατὰ
223 1875 297 1922 τὴν
325 1871 541 1921 ἑξηκοστὴν
568 1872 801 1924 ὀλυμπιάδα
828 1873 917 1922 (lX.
950 1874 1022 1926 19).

194 1942 345 1988 Quibus
374 1942 602 1978 testimoniis
629 1941 744 1978 fidem
765 1941 910 1979 habent
929 1942 1181 1979 Tennemann
1208 1941 1360 1991 (Gesch.
1381 1940 1450 1978 der
1467 1939 1560 1977 Phi-

90 2006 263 2059 losophie
291 2022 326 2059 p.
356 2008 432 2057 71),
459 2006 648 2045 Reinhold
676 2005 723 2060 (ἓ
752 2007 831 2059 62),
859 2007 987 2046 Zeller
1014 2008 1165 2060 aliique.
1303 1994 1305 1996 v

194 2075 255 2114 De
282 2074 496 2114 eruditione
523 2074 777 2126 Xenophanis
805 2084 954 2114 veteres
982 2090 1108 2127 pauca
1135 2080 1562 2114 tantumnotaverunt:

92 2141 193 2180 solus
210 2143 406 2193 Diogenes
427 2142 609 2180 Laertius
624 2141 709 2187 ***)
739 2143 1002 2193 quaestionem
1031 2149 1179 2189 movet,
1221 2149 1347 2179 utrum
1377 2142 1563 2190 magistro

91 2209 218 2260 aliquo
246 2211 285 2248 in
313 2210 558 2261 philosophia
584 2222 678 2246 usus
707 2210 765 2255 sit,
796 2222 845 2247 an
875 2223 962 2258 non,
992 2210 1059 2247 sed
1088 2210 1276 2258 integram
1297 2208 1487 2258 relinquit.
1522 2207 1564 2245 Si

91 2275 278 2314 Botonem
308 2290 394 2314 eum
427 2276 594 2314 audiisse
620 2277 813 2326 ponimus,
840 2277 1026 2314 incertum
1065 2280 1215 2321 manet,
1243 2288 1339 2325 quas
1369 2274 1564 2312 doctrinas

194 2380 224 2418 *)
246 2379 371 2412 Philos.
395 2388 505 2421 graec.
529 2383 592 2410 vet.
616 2389 670 2420 op.
690 2379 749 2411 rel.
794 2378 871 2411 Vol.
898 2378 921 2409 Ι.
949 2378 985 2409 P.
1010 2378 1036 2409 Ι.
1060 2387 1139 2419 pag.
1161 2378 1212 2409 10.

172 2431 220 2469 **)
242 2430 350 2463 Fried.
373 2430 464 2462 Guil.
488 2429 576 2471 Aug.
601 2430 762 2470 Mullach,
786 2430 917 2472 Fragm.
940 2430 1060 2471 philos.
1083 2438 1196 2471 graec.
1243 2428 1380 2459 Parisiis
1404 2428 1496 2459 1860.

155 2482 223 2518 ***)
243 2483 427 2519 Διήκουσεν
450 2480 485 2513 δὲ
508 2481 577 2512 κατ’
602 2484 710 2516 ἐνίους
731 2485 794 2523 μὲν
817 2480 959 2514 οὐδενὸς,
989 2480 1057 2512 κατ’
1084 2483 1188 2513 ένίους
1211 2478 1246 2510 δὲ
1275 2480 1433 2512 Βότωνος
1450 2479 1566 2516 Ἀθη-

89 2537 186 2564 ναίου
211 2534 227 2571 ἢ
252 2534 309 2576 (ὥς
330 2535 432 2576 τινες)
450 2532 633 2575 Ἀρχελάου
655 2538 711 2565 καὶ
736 2534 777 2569 ὠς
799 2537 945 2565 Σωτίων
969 2536 1058 2575 φησὶ.
1084 2532 1153 2563 κατ’
1174 2530 1443 2571 Ἀναξίμανδρον
1465 2529 1517 2570 ἦν.

1089 2584 1189 2626 Diog.
1211 2584 1320 2615 Laert.
1344 2583 1406 2615 lx.
1436 2585 1484 2616 19.
