1665 2793
701 108 960 146 -33-

83 212 214 266 gravis
233 211 443 261 acrisque,
487 211 541 248 ita
578 215 621 247 ut
656 210 807 248 animos
835 208 887 247 ad
913 208 1212 261 pulcherrimum
1242 210 1423 262 quodque
1452 222 1570 262 appe-

82 278 245 320 tendum
273 277 459 327 erigeret:
499 275 551 314 ad
588 288 703 327 quam
738 281 888 328 partem
923 289 993 328 pro
1029 291 1100 316 sua
1126 278 1290 329 quisque
1329 276 1459 317 indole
1485 283 1571 316 erat

85 357 315 399 propensus.
367 343 415 381 In
444 342 785 392 Lacedaemoniis,
818 357 981 395 quorum
1016 345 1058 383 in
1094 345 1235 383 animis
1270 345 1569 396 pulchritudinis

86 418 122 452 et
164 410 379 448 honestatis
417 410 560 448 eximia
587 410 778 461 quaedam
808 412 956 463 species
983 410 1196 455 insidebat.
1232 411 1367 462 religio
1409 412 1473 450 illa
1501 411 1569 449 diu

88 480 240 519 bonam·
266 477 417 527 frugem
453 477 562 516 tulit:
610 477 841 530 Colophonii
886 479 1069 531 propensi
1105 485 1218 517 erant
1251 478 1302 518 ad
1338 478 1567 531 voluptates.

94 547 224 594 Quum
254 545 356 581 enim
383 550 547 582 naturae
574 545 685 583 donis
713 544 978 593 abundarent,
1012 545 1173 583 multum
1203 545 1305 584 domi
1333 546 1568 597 militiaeque

85 614 132 652 iis
161 609 441 650 elaborandum
469 625 547 651 non
575 618 676 651 esset
685 641 699 661 ‚-
732 618 873 651 natura
908 625 1038 650 rerum
1074 613 1216 651 factum
1248 618 1324 660 est,
1363 619 1406 651 ut
1448 612 1566 651 animi

84 680 381 729 languescerent
407 685 523 730 atque
549 679 728 718 libidines
755 680 1052 719 concitarentur.

185 744 240 785 Et
267 758 315 784 ea
341 745 495 797 quidem
523 746 766 799 indulgentia
793 752 875 786 erat
893 746 1131 787 Graecorum
1161 746 1307 797 religio,
1334 753 1376 785 ut
1394 746 1467 785 sub
1481 748 1565 799 ejus

87 814 214 866 specie
242 814 367 851 omnis
394 812 514 852 libido
544 816 638 852 satis
665 814 742 852 late
768 815 907 864 vagari
934 821 1076 865 posset,
1121 819 1160 851 et
1186 815 1226 851 in
1254 827 1300 851 ea
1327 827 1369 851 re
1395 814 1457 852 vel
1483 827 1563 852 ma-

87 881 190 919 xime
217 880 301 932 ejus
328 879 533 921 infimitas
559 879 806 932 intelligitur,
842 880 947 932 quod
983 879 1098 919 h'omo
1126 880 1236 918 salva
1261 880 1405 931 pietate
1431 879 1564 931 volup-

86 947 234 986 tatibus
257 948 435 997 corporis
464 948 616 987 deditus
643 947 768 995 fuerit,
802 960 927 998 neque
961 961 985 985 a
1013 961 1054 984 se
1081 947 1166 998 ipso
1194 946 1380 984 dissidere
1409 960 1450 984 se
1480 960 1564 984 sen-

86 1015 187 1052 serit.
233 1013 323 1051 Huc
352 1013 514 1058 accedit,
542 1014 645 1065 quod
672 1013 738 1052 illa
764 1013 900 1063 religio
929 1027 1019 1051 vero
1047 1013 1181 1063 vigore
1209 1026 1346 1051 carens
1365 1019 1565 1064 corruptos

88 1080 205 1119 semel
231 1093 359 1118 mores
388 1094 466 1119 non
494 1080 701 1119 emendare
727 1094 852 1131 neque
878 1080 1053 1119 homines
1090 1079 1140 1118 ad
1167 1081 1347 1118 virtutem
1384 1092 1567 1117 revocare

85 1148 268 1200 potuerit.
323 1147 456 1197 Quare
483 1147 748 1200 Xenophanes
775 1147 841 1185 illa
867 1148 1021 1185 virtutis
1050 1146 1323 1194 fundamenta,
1359 1147 1398 1183 in
1426 1145 1566 1198 quibus

84 1215 266 1254 salutaris
293 1228 443 1253 morum
472 1214 676 1267 disciplina
703 1215 850 1253 exstrui
877 1228 955 1267 non
990 1221 1122 1266 posset
1156 1214 1317 1253 refutari
1350 1213 1490 1262 voluit,
1528 1220 1567 1252 et

81 1283 137 1320 ita
164 1281 328 1332 agnosci
354 1280 515 1320 humani
542 1282 662 1320 animi
689 1281 929 1332 dignitatem,
955 1290 998 1320 ut
1027 1282 1266 1332 singulorum
1294 1280 1491 1319 hominum
1521 1281 1563 1319 li—

84 1349 180 1388 bera
206 1349 425 1396 voluntate,
464 1362 563 1400 quae
591 1350 711 1388 animi
738 1349 844 1387 cultu
869 1355 1086 1400 temperata
1113 1356 1232 1395 esset,
1259 1349 1384 1387 omnis
1412 1348 1566 1387 virtutis

83 1415 252 1454 studium
278 1415 550 1454 contineretur.

186 1483 390 1533 Corrigere
416 1483 535 1533 igitur
562 1483 684 1522 voluit
701 1483 966 1535 Xenophanes
994 1483 1214 1533 aequalium
1240 1495 1398 1521 suorum
1425 1495 1563 1530 mores,

82 1549 151 1589 sed
179 1562 256 1600 qua
281 1548 461 1587 ratione?
488 1549 694 1597 doctrinis3
723 1550 755 1587 si
783 1558 912 1588 autem
931 1549 1071 1588 Graeci
1100 1562 1145 1586 ea
1169 1553 1295 1586 aetate
1312 1547 1373 1586 vel
1392 1548 1562 1586 maxime

82 1617 176 1656 artis
217 1616 401 1668 operibus
429 1616 481 1656 ad
505 1617 660 1656 virtutis
689 1616 858 1656 studium
886 1618 1035 1656 incitati
1064 1622 1174 1665 sunt,
1210 1617 1327 1656 etiam
1354 1616 1394 1653 in
1422 1615 1496 1653 hac
1522 1628 1564 1653 re

82 1684 363 1736 Xenophanem
390 1685 530 1724 aetatis
558 1697 651 1721 suae
678 1684 834 1733 ingenio
863 1685 1082 1735 oppositum
1101 1684 1222 1720 fuisse
1240 1681 1561 1720 contenderimus.

120 1772 122 1774 v
184 1750 352 1793 Multum
371 1751 422 1789 ad
440 1750 740 1790 contemnendos
773 1764 899 1790 mores
926 1751 1102 1803 picturae
1129 1757 1168 1789 et
1195 1748 1416 1801 sculpturae
1443 1761 1561 1800 opera

82 1806 350 1866 contulerunt3
380 1818 445 1855 illa.
474 1819 575 1855 enim
604 1817 762 1855 deorum
790 1818 1062 1856 immortalium
1092 1817 1300 1855 simulacra
1326 1829 1404 1854 non
1424 1829 1560 1854 sensus

79 1884 214 1934 solum,
244 1885 313 1924 sed
337 1886 486 1925 animos
515 1884 721 1924 movebant
747 1891 784 1924 et
803 1884 996 1925 hominem
1013 1885 1110 1925 adeo
1138 1883 1379 1928 erudiebant,
1405 1889 1449 1922 ut
1475 1896 1558 1921 sen·

78 1953 167 1992 tiret
193 1953 257 1994 dei
284 1954 479 1991 notionem
507 1953 635 1991 animo
662 1953 820 1991 insitam
848 1959 888 1991 et
915 1953 1125 1992 eniteretur
1170 1952 1219 1990 ad
1261 1964 1345 1990 eam
1387 1951 1558 1989 omnium

78 2020 178 2058 inter
205 2034 246 2059 se
272 2020 391 2058 animi
417 2019 559 2058 virium
585 2019 832 2059 concordiam
869 2019 1180 2072 adipiscendam,
1214 2032 1331 2071 quam
1367 2030 1557 2057 summam

79 2089 263 2136 gravitati
290 2093 329 2125 et
354 2087 549 2126 honestati
576 2088 775 2126 numinum
804 2087 1023 2127 divinorum
1038 2089 1165 2125 inesse
1184 2085 1342 2125 videbat
1357 2086 1405 2132 ³¹²).
1445 2084 1557 2133 Quae

78 2155 284 2194 simulacra
311 2155 450 2193 animis
477 2154 728 2193 obversantia
746 2168 824 2193 non
850 2155 902 2193 ad
930 2154 1163 2205 elegantiam
1190 2152 1313 2193 solum
1341 2152 1408 2191 sed
1428 2152 1479 2190 ad
1496 2167 1554 2191 re-

76 2220 259 2272 ligionem
285 2221 484 2261 hominum
511 2222 664 2261 animos
691 2222 923 2262 educabant.
981 2222 1067 2260 Huc
1094 2221 1253 2269 accedit,
1290 2220 1393 2272 quod
1420 2233 1555 2259 sacrae

77 2287 165 2327 illae
193 2290 394 2341 opiniones
433 2289 695 2341 honestaeque
732 2291 881 2342 species
917 2290 1045 2328 denuo
1074 2301 1226 2341 semper
1251 2287 1301 2326 ab
1331 2287 1555 2336 artificibus,

78 2369 226 2397 summo
252 2358 408 2407 ingenio
435 2356 631 2409 praeditis,
672 2356 993 2409 concipiebantur
1020 2363 1059 2394 et
1090 2355 1319 2394 emendatae
1347 2355 1552 2393 subtiliori-

77 2421 149 2462 bus
176 2424 412 2474 imaginibus
440 2423 769 2476 exprimebantur,
796 2428 854 2463 ita
878 2429 922 2462 ut
948 2423 1014 2462 illa
1040 2422 1196 2475 quidem
1214 2421 1434 2469 simulacra,
1460 2435 1552 2473 qua·

159 2526 194 2568 ²³)
236 2505 305 2558 cfr.
328 2527 468 2568 Jacobs,
494 2527 604 2559 Verm.
632 2527 708 2559 Βοὴ.
732 2528 822 2561 1829.
855 2539 888 2570 p.
911 2529 931 2560 9
955 2546 993 2551 -
1018 2528 1066 2559 19.
1111 2525 1313 2564 oranaim,
1342 2524 1458 2558 Uener
1491 2526 1553 2557 du

76 2576 229 2612 Sittliche
251 2578 318 2615 eder
350 2578 534 2612 bildenden
557 2579 668 2612 Kunst
698 2580 751 2615 bei
784 2581 849 2613 den
864 2579 1040 2613 Griechen
1069 2577 1211 2618 (Ztschr.
1242 2578 1298 2609 fuir
1330 2576 1407 2610 hist.
1433 2577 1554 2611 Theol.

76 2628 153 2672 lllg.
175 2630 319 2674 Leipzig
344 2633 424 2667 1833
456 2633 484 2664 3.
511 2631 585 2669 ΙΙΙ.)

1257 2692 1278 2724 3
