1665 2793
699 81 956 119 -11-

94 181 367 237 praeparatum
385 179 546 220 videtur.
603 180 680 219 Sed
706 182 807 220 inter
834 181 1088 235 Xenophanis
1116 189 1154 222 et
1179 183 1330 222 illorum
1359 183 1410 220 de
1434 194 1564 220 rerum

92 250 281 305 principio
309 249 519 288 sententias
547 248 621 286 hoc
646 249 814 288 maxime
839 250 1008 299 interest,
1037 250 1139 301 quod
1167 250 1423 303 Xenophanis
1456 249 1562 300 prin·

93 317 234 370 cipium
263 317 346 355 sive
372 328 442 354 ens
470 328 691 367 supremum
719 316 933 355 divinitatis
968 317 1113 368 aliquid
1142 317 1287 356 habere
1313 316 1562 355 manifestum

95 384 184 424 ests
216 383 345 431 Quam
373 382 614 420 divinitatem
640 396 759 434 quum
786 384 902 421 etiam
930 389 1044 434 atque
1071 385 1186 423 etiam
1213 385 1384 435 graviter
1410 383 1561 436 praedi·

94 457 220 491 catam
238 449 425 500 legamus,
452 448 492 487 id
519 450 762 501 potissimum
777 449 1059 500 Xenophanem
1074 457 1270 503 spectasse
1297 451 1358 489 vel
1384 451 1562 501 gestiisse

94 517 413 566 contenderimus,
442 522 486 555 ut
513 530 704 555 summum
732 516 887 568 aliquod
916 516 1087 556 divinum
1102 532 1244 557 numen
1269 525 1466 568 statueret,
1496 518 1561 557 de·

94 585 310 636 siderioque
337 584 505 636 quodam
533 589 570 622 et
597 584 743 636 impetu
771 584 890 622 animi
908 584 1109 622 incitatum
1125 586 1253 634 fuisse,
1282 592 1323 624 ut
1336 586 1562 635 religionem

94 657 349 703 componeret,
377 664 455 702 qua
482 652 655 690 reficeret
669 650 774 702 quod
789 651 1030 690 dissolvisset
1044 657 1081 689 et
1096 653 1298 700 amisisset,
1326 658 1364 690 et
1378 652 1428 690 ad
1446 666 1562 704 quam

92 723 222 771 posset
248 718 391 757 referre
419 731 568 757 morum
584 717 838 770 disciplinam,
858 731 957 771 quae
972 718 1125 757 homine
1154 718 1307 769 dignior
1321 724 1422 757 esset
1448 732 1564 769 quam

94 785 169 834 illa,
196 798 296 836 quae
324 800 372 823 ex
401 785 638 823 Graecorum
668 786 786 824 sacris
814 785 1061 838 opinionibus
1091 792 1323 836 sequeretur.

194 867 323 918 Atque
351 881 468 919 quum
499 868 583 920 jam
619 868 774 906 multum
810 867 925 905 studii
963 868 1188 906 contulisset
1224 868 1274 906 ad
1308 868 1564 906 recensendas

95 934 333 974 Graecorum
360 933 578 984 religiones,
605 936 733 974 nescio
760 949 811 973 an
839 949 916 973 non
945 948 1116 973 erremus
1144 934 1334 982 arbitrati,
1361 934 1451 973 inde
1479 948 1564 972 eum

92 1002 305 1054 profectum
334 1015 429 1050 esse,
467 1003 730 1053 exquirentem
757 1015 900 1040 numen
928 1002 1117 1051 divinum,
1153 1001 1257 1053 quod
1285 1001 1439 1053 dignius
1466 1002 1564 1040 cole-

92 1076 196 1108 retur
223 1076 261 1108 et
287 1070 435 1109 felicius
450 1070 497 1123 *).

194 1152 511 1205 Contemplantes
539 1153 641 1191 enim
671 1165 748 1203 qua
774 1152 923 1195 ratione
951 1151 1214 1202 Xenophanes
1244 1152 1404 1190 Homeri
1431 1158 1469 1189 et
1489 1152 1564 1190 He-

94 1220 190 1258 siodi
219 1221 419 1271 opiniones
446 1220 681 1258 recensuerit
708 1225 745 1257 et
772 1233 849 1270 qua
876 1218 924 1257 de
950 1232 1071 1257 causa
1097 1219 1327 1269 rejiciendas
1355 1233 1422 1257 eas
1436 1220 1565 1257 existi-

93 1287 275 1335 maverit,
313 1287 437 1338 primo
465 1288 543 1337 jam
571 1292 731 1337 aspectu
758 1286 1122 1334 animadvertimus,
1165 1286 1258 1324 deos
1284 1299 1416 1324 omnes
1444 1285 1564 1324 Grae-

93 1367 223 1391 corum
251 1367 366 1391 verae
394 1353 455 1391 dei
484 1354 629 1392 notioni
660 1366 737 1391 non
764 1353 1017 1404 respondere,
1055 1366 1179 1403 neque
1215 1367 1347 1391 eorum
1374 1354 1566 1402 imagines

92 1433 182 1457 vero
211 1421 367 1458 numine
395 1420 525 1458 divino
554 1420 691 1469 dignas
719 1420 753 1457 ei
787 1420 890 1457 visas
918 1433 1020 1468 esse3
1063 1419 1277 1468 colligimus
1308 1424 1437 1457 autem
1475 1419 1565 1456 inde

93 1486 377 1539 Xenophanem
404 1488 558 1526 omnino
588 1486 701 1524 deum
729 1500 805 1524 non
833 1500 1008 1537 negasse,
1035 1486 1234 1524 dubitasse
1262 1491 1412 1524 tantum
1429 1486 1476 1524 de
1492 1486 1565 1524 diis

94 1554 339 1593 Graecorum.
394 1555 528 1604 Itaque
555 1553 744 1591 intellexit
769 1555 896 1591 inesse
923 1555 1038 1591 etiam
1057 1553 1484 1604 anthropomorphismo
1513 1553 1565 1590 illi

93 1620 152 1659 dei
179 1621 318 1671 ideam,
347 1621 412 1660 sed
441 1622 611 1673 junctam
639 1634 726 1659 cum
755 1621 942 1673 ejusmodi
973 1620 1099 1663 rebus,
1137 1634 1204 1671 per
1241 1633 1337 1671 quas
1365 1620 1453 1658 idea
1480 1622 1566 1672 ipsa

94 1687 310 1726 deformata
337 1695 375 1726 et
401 1694 582 1738 corrupta
610 1694 719 1725 esset.

192 1771 509 1809 Perscrutaturus
538 1777 665 1809 autem
693 1784 884 1821 quaenam
912 1770 977 1808 illa
1004 1771 1187 1809 remotior
1206 1770 1456 1822 subtiliorque
1480 1770 1567 1808 idea

93 1843 201 1885 esset,
232 1838 303 1876 sub
333 1838 490 1876 deorum
503 1838 705 1875 multorum
726 1837 851 1875 cultus
871 1839 998 1887 specie
1019 1837 1179 1884 occulta,
1208 1838 1404 1888 analytica
1419 1838 1568 1874 ratione

91 1918 182 1943 usus
211 1911 278 1944 est.
331 1905 469 1957 Itaque
506 1904 611 1943 haud
648 1906 725 1942 scio
768 1919 817 1942 an
854 1905 976 1955 primo
1014 1904 1340 1948 animadverterit,
1377 1904 1567 1954 imagines

92 1972 242 2021 quidem
272 1972 357 2010 illas
386 1972 556 2020 deorum,
582 1974 620 2009 in
641 1973 821 2024 opinione
835 1971 1071 2009 Graecorum
1091 1973 1249 2022 positas,
1278 1972 1456 2009 fortuitas
1485 1985 1568 2009 esse

91 2052 213 2091 neque
229 2041 481 2088 necessarias,
510 2039 578 2078 sed
591 2053 678 2078 esse
689 2038 934 2078 nihilominus
951 2038 1105 2091 aliquod
1121 2053 1312 2078 summum
1341 2052 1480 2077 numen
1497 2038 1567 2087 ἢ),

171 2184 201 2224 *)
248 2183 302 2216 Ita
324 2184 516 2227 Sehwegler
538 2183 650 2225 sentit,
675 2183 735 2226 qui
757 2183 849 2216 illam
873 2192 940 2214 rem
964 2181 1057 2213 hisce
1081 2175 1191 2214 §erbis
1216 2184 1343 2225 tangit:
1374 2183 1462 2224 „Die
1488 2184 1566 2216 Idee

91 2234 150 2266 der
171 2236 309 2268 Einheit
333 2238 452 2268 Gottes
484 2238 554 2268 und
585 2237 638 2267 die
668 2236 821 2269 Polemik
853 2245 963 2277 gegen
994 2235 1058 2265 den
1082 2235 1483 2276 Anthropomorphismus
1508 2237 1568 2267 der

89 2284 342 2328 Volksreligion
365 2287 410 2319 ist
430 2288 499 2319 sein
524 2287 846 2329 Ausgangspunkt.“
876 2286 997 2318 Gesch.
1023 2287 1054 2317 d.
1080 2286 1205 2318 Philos.
1230 2298 1260 2327 p.
1288 2289 1334 2320 10,
1387 2288 1455 2320 Cfr,
1481 2288 1566 2319 Kar-

90 2340 162 2369 sten
184 2350 216 2381 p.
242 2340 307 2372 106.
355 2339 529 2371 Profectus
552 2342 603 2371 est
632 2349 652 2369 a
685 2343 861 2380 poetarum
895 2337 1087 2370 fictionibus
1120 2343 1152 2369 et
1174 2338 1311 2379 fabulis,
1349 2340 1473 2381 quibus
1497 2344 1566 2371 tam

92 2388 229 2423 deorum
257 2392 376 2434 religio
400 2401 498 2431 quarn
520 2391 609 2423 vitae
632 2391 813 2433 disciplina
836 2395 908 2423 erat
930 2391 1068 2433 repleta.

204 2449 251 2489 Μ’)
300 2448 362 2483 Εἷς
384 2449 467 2483 θεὸς
489 2451 526 2481 ἕν
548 2461 584 2481 τε
606 2449 723 2481 θεοῖσι
740 2452 797 2480 καὶ
820 2448 1044 2491 ἀνθρώποισι
1065 2450 1215 2490 μέγιστος

302 2501 387 2534 Οὔτε
408 2499 507 2541 δέμας
533 2504 714 2540 θνητοῖσιν
738 2502 852 2542 ὁμόϊος
876 2502 954 2533 οὔτε
976 2501 1095 2540 νόημα.

89 2548 313 2635 ggmbAlex.
352 2553 472 2586 Strom.
504 2554 543 2585 V.
573 2563 651 2596 pag.
682 2555 753 2586 601.
789 2554 826 2587 C.
859 2559 894 2586 et
922 2554 1045 2586 Euseb.
1080 2563 1196 2595 praep.
1235 2563 1285 2584 ev.
1318 2552 1415 2584 XIII.
1450 2554 1496 2586 13.
1536 2564 1569 2595 p.
