1665 2793
718 85 975 123 -30-

103 185 337 225 educatione
366 187 604 226 conscientia
632 188 801 238 optimae
829 188 971 226 mentis
998 190 1235 236 concitatur,
1263 188 1427 226 sentitur
1454 187 1586 226 huma-

101 265 176 289 nae
204 259 369 291 naturae
396 254 655 304 praestantia,
692 253 745 291 ad
780 267 896 304 quem
934 256 965 292 si
994 255 1109 293 homo
1136 254 1324 305 quidquid
1352 255 1435 304 agit
1462 254 1590 294 studet

103 319 258 369 referre,
288 319 449 360 honeste
477 334 595 371 agere
621 327 811 360 censetur.
867 322 1031 361 Virtutis
1058 322 1151 361 illud
1175 322 1407 373 principium
1426 322 1589 372 simplex

102 393 141 424 et
178 387 398 426 absolutum
427 387 601 433 videtur,
645 401 762 439 quum
800 402 849 426 ex
884 402 979 426 vera
1015 389 1182 427 hominis
1219 393 1360 427 natura
1385 388 1588 441 proficisci,

102 459 301 505 totamque
329 454 511 506 amplecti
539 462 748 508 appareat3
784 456 893 504 origo
935 463 973 495 et
999 463 1161 496 eventus
1190 458 1273 508 ejus
1300 457 1455 495 homine
1481 455 1590 505 digni

105 527 206 570 sunt,
233 527 271 560 et
297 523 407 572 origo
435 521 604 573 quidem,
632 524 666 561 si
693 523 806 562 homo
834 523 997 563 liberum
1027 523 1172 563 animal
1196 537 1275 563 non
1295 523 1436 562 debeat
1453 537 1590 575 parere

104 589 179 627 nisi
206 588 373 640 legibus,
395 603 493 641 quas
521 591 605 642 ipse
634 591 707 630 sibi
733 591 874 639 tulerit,
902 597 941 630 et
968 598 1140 640 eventus,
1168 606 1287 643 quum
1311 593 1435 631 virtus
1459 605 1509 629 ex
1527 590 1590 629 illo

104 657 297 708 principio
326 657 501 709 profecta
531 672 722 697 summam
749 659 897 697 homini
925 659 1154 710 dignitatem
1181 660 1338 699 tribuat.

209 723 272 763 Ad
301 724 395 764 illud
424 727 579 765 virtutis
606 728 839 778 principium
866 741 1000 766 omnes
1041 729 1122 766 fere
1163 729 1335 766 omnium
1375 732 1591 777 temporum

105 792 345 844 philosophi,
383 799 575 844 quatenus
610 794 651 832 in
687 795 959 833 constituenda
987 809 1138 834 morum
1167 794 1372 847 disciplina
1400 807 1477 832 non
1505 807 1591 846 pro-

106 861 197 898 fecti
226 866 316 899 sunt
346 862 420 899 nisi
446 861 497 900 ab
526 861 725 900 hominum
753 868 910 907 natura,
959 863 1064 901 ducti
1093 878 1177 902 esse
1204 863 1403 902 videntur:
1446 861 1591 912 Pytha-

105 941 224 978 goras
252 929 405 967 virtutis
434 929 666 981 principium
693 929 733 967 in
762 928 966 968 harmonia
993 930 1175 982 quadam,
1216 930 1389 968 omnium
1424 930 1525 967 inter
1553 942 1594 966 se

107 996 228 1035 animi
256 996 396 1035 virium
433 1002 625 1036 concentu
661 1003 778 1048 atque
812 1011 1004 1036 consensu
1039 999 1229 1050 reperisse
1263 997 1341 1035 sibi
1375 997 1482 1036 visus
1518 1002 1593 1044 est3

109 1064 292 1102 Socrates
320 1064 540 1103 distinctius
567 1065 750 1103 virtutem
779 1065 830 1102 ad
858 1066 1017 1104 humani
1045 1065 1164 1103 animi
1190 1064 1297 1115 leges
1321 1064 1477 1112 rettulit,
1504 1063 1594 1102 bea-

106 1131 311 1173 titudinem
338 1132 493 1170 virtutis
520 1132 637 1170 finem
665 1138 704 1170 et
730 1134 896 1185 pretium
923 1146 1161 1184 proponens3
1189 1132 1415 1184 Aristippus
1454 1137 1494 1169 et
1530 1132 1596 1182 qui

110 1212 197 1237 eum
227 1199 349 1236 secuti
377 1204 467 1237 sunt
495 1198 706 1250 Cyrenaici
733 1202 915 1238 virtutem
942 1203 1172 1238 rettulerunt
1213 1199 1264 1237 ad
1292 1197 1594 1255 comparandam

111 1278 271 1304 suavem
299 1264 543 1318 voluptatum
570 1267 899 1316 vicissitudinem3
928 1266 1041 1306 Plato
1071 1266 1244 1305 Socratis
1272 1265 1428 1305 decreta
1454 1265 1505 1304 ad
1533 1279 1593 1303 ar-

110 1340 189 1371 tem
227 1332 398 1383 redegit3
426 1334 657 1373 Aristoteles
694 1335 999 1373 mediocritatem
1028 1336 1068 1372 in
1096 1335 1277 1373 omnibus
1303 1334 1421 1372 rebus
1450 1333 1598 1371 servari

110 1401 255 1448 voluit3
293 1414 342 1438 ex
383 1400 662 1439 recentioribus
690 1401 873 1440 Wolffius
909 1401 1159 1454 perfectionis
1185 1401 1383 1453 quandam
1409 1402 1598 1440 rationem

112 1468 244 1507 docuit
257 1497 267 1516 ‚
302 1468 471 1508 Kantius
499 1470 729 1522 imperativo
757 1470 822 1508 illo
850 1470 1068 1520 categorico
1092 1468 1457 1520 obtemperandum,
1484 1468 1597 1507 Fich-

112 1543 197 1574 teus
225 1536 467 1575 liberrimum
497 1537 701 1575 arbitrium
730 1537 967 1589 sequendum
996 1550 1081 1575 esse
1109 1538 1252 1576 statuit.

216 1603 353 1655 Itaque
392 1605 510 1642 etiam
538 1604 804 1656 Xenophanes
843 1607 883 1643 in
916 1604 981 1642 illo
1012 1605 1165 1642 virtutis
1203 1604 1393 1656 principio
1430 1604 1600 1656 amplam

113 1685 264 1709 morum
292 1671 539 1723 disciplinam
567 1678 766 1711 exstruere
794 1673 928 1725 potuit,
958 1671 1026 1710 sed
1045 1685 1093 1710 ex
1112 1673 1257 1722 ingenii
1275 1673 1358 1724 ejus
1377 1685 1600 1709 monumen-

112 1740 174 1787 tis,
214 1745 308 1789 quot
336 1745 557 1789 supersunt,
594 1740 724 1789 colligi
753 1754 828 1778 non
857 1746 997 1792 potest,
1031 1752 1119 1778 eum
1148 1740 1306 1777 decreta
1343 1753 1434 1788 sua,
1462 1739 1602 1790 quibus

112 1820 239 1844 mores
267 1806 510 1844 conformare
539 1806 716 1855 voluerit,
745 1807 794 1845 ad
824 1813 945 1845 artem
974 1808 1190 1858 redegisse3
1229 1812 1358 1845 utrum
1386 1806 1479 1844 illud
1508 1807 1600 1844 omi-

114 1875 219 1924 serit,
247 1874 350 1925 quod
379 1874 530 1912 efficere
558 1887 636 1912 non
663 1875 866 1926 potuisset,
894 1880 937 1912 ut
964 1876 1064 1912 inter
1091 1874 1152 1911 dei
1180 1879 1219 1912 et
1233 1875 1386 1912 virtutis
1406 1875 1600 1912 notionem

113 1947 324 1980 concentus
355 1940 495 1992 aliquis
525 1946 562 1979 et
588 1954 802 1980 consensus
830 1941 1102 1990 intercederet,
1144 1955 1195 1980 an
1222 1942 1325 1993 quod
1353 1941 1509 1980 omnino
1538 1955 1601 1979 ars

113 2012 196 2062 ejus
224 2009 432 2048 dialectica
460 2010 751 2061 componendae
789 2024 937 2049 morum
980 2010 1210 2062 disciplinae
1250 2024 1327 2048 non
1370 2016 1601 2062 suppeteret,

112 2084 283 2115 statuere
312 2091 391 2115 non
420 2091 638 2128 possumus,

224 2145 301 2183 Sed
331 2145 392 2184 vel
420 2146 564 2195 exigua
591 2144 657 2183 illa
684 2159 834 2183 morum
864 2150 1074 2196 praecepta
1098 2144 1272 2183 sublimis
1299 2145 1443 2196 ingenii
1468 2158 1600 2182 monu—

115 2219 247 2251 menta
275 2213 537 2251 existimanda
568 2218 668 2259 sunt,
697 2218 735 2249 et
762 2226 810 2249 ex
829 2213 915 2262 ipsa
932 2212 1200 2262 philosophiae
1219 2212 1473 2264 Xenophanis
1493 2218 1602 2264 parte

115 2280 253 2319 morali
283 2278 519 2329 intelligitur,
548 2285 694 2331 quanto
730 2278 970 2317 humanitate
1007 2278 1069 2317 ille
1104 2280 1243 2317 aetatis
1289 2293 1383 2317 suae
1427 2279 1601 2317 homines

117 2348 366 2398 superaverit.
420 2347 606 2385 Animum
634 2347 787 2398 corpori
814 2347 1036 2397 praeferens
1062 2347 1142 2398 jam
1171 2347 1292 2384 sensit
1316 2346 1420 2397 quod
1446 2346 1601 2384 demum

115 2416 380 2464 Anaxagoras
408 2414 661 2465 praedicavit,
690 2414 893 2452 honestate
920 2420 959 2451 et
984 2415 1178 2464 gravitate
1205 2413 1255 2451 ad
1283 2414 1404 2464 ipsius
1429 2413 1601 2452 Socratis

115 2481 392 2534 perfectionem
420 2494 541 2533 prope
561 2481 763 2529 accedens,
793 2481 1005 2519 subtilitate
1025 2486 1063 2519 et
1081 2481 1301 2519 constantia
1319 2481 1358 2519 in
1376 2480 1599 2519 meditando

117 2548 322 2596 excellens,
350 2549 516 2599 speciem
545 2548 708 2600 praebet
734 2547 953 2600 philosophi
981 2562 1124 2598 magno
1152 2548 1309 2597 ingenio
1336 2548 1513 2598 praediti.

222 2616 274 2655 Et
300 2617 433 2666 magni
461 2616 632 2667 profecto
660 2614 804 2665 ingenii
833 2622 926 2665 erat,
967 2616 1021 2654 ita
1049 2617 1222 2654 animum
1250 2629 1273 2653 a
1301 2615 1480 2655 sensibus
1508 2629 1598 2655 avo-
