1665 2793
683 90 939 129 -23-

76 208 199 248 eaque
223 207 267 233 re
295 192 481 241 ostendit,
521 191 635 229 deum
673 204 761 230 cum
801 192 1021 232 hominibus
1062 194 1379 232 consuetudinem
1406 193 1550 232 habere

75 264 229 308 nullam.

180 328 286 378 Quid
314 327 367 365 de·
390 326 520 364 divino
550 326 654 365 cultu
694 329 887 367 censuerit
926 334 964 367 et
1005 328 1198 380 quomodo
1240 328 1415 367 homines
1456 341 1550 378 erga

79 401 191 439 deum
220 410 261 435 se
287 407 421 446 gerere
448 394 631 442 voluerit,
670 396 710 434 in
745 395 810 434 iilo
846 395 1129 445 manifestavit,
1170 396 1273 447 quod
1301 396 1406 449 apud
1431 396 1550 434 Arist.

78 466 184 504 Rhet.
218 463 268 501 ΙΙ.
306 463 367 500 23.
395 476 429 512 p.
456 462 531 499 447
562 462 603 500 C.
641 462 822 511 legimus:
878 459 1108 514 Ξενοφάνης
1140 459 1342 506 Ἐλεάταις
1378 461 1552 512 ἐρωτῶσι

76 536 107 572 εὶ
139 525 317 570 θύσουσι
355 527 403 581 τῇ
438 528 658 578 Λευκοθέᾳ
693 529 760 567 καὶ
795 524 1073 578 θρηνήσουσιν
1106 523 1132 575 ἢ
1158 525 1232 578 μὴ,
1276 527 1553 578 συνεβούλευεν

76 604 106 639 εὶ
123 599 196 648 μὲν
215 592 317 634 θεὸν
345 590 680 645 ὑπολαμβάνουσι
696 592 753 645 μὴ
773 596 953 645 θρηνεῖν,
980 598 1011 632 εὶ
1037 593 1072 632 δ’
1105 591 1330 646 ἄνθρωπον
1347 593 1404 646 μὴ
1419 593 1551 633 θύειν.

79 665 220 705 Graeci
246 676 334 701 cum
362 662 436 701 diis
464 662 543 700 suis
571 662 732 700 multum
758 667 970 710 versantes,
996 667 1159 701 naturae
1185 664 1391 702 convenire
1418 664 1550 716 opina-

79 735 231 780 bantur,
268 737 310 769 ut
336 744 381 768 eo
410 730 529 768 animi
556 730 695 768 affectu
723 729 773 768 ad
801 730 915 768 deum
943 729 1109 781 aliquem
1138 731 1365 770 accederent
1389 745 1553 783 eumque

79 800 256 846 colerent,
283 799 348 849 qui
376 799 459 848 ejus
487 798 666 849 proprius
694 802 805 835 esset.
859 796 907 834 Id
935 797 1033 834 enim
1064 798 1225 849 quisque
1253 799 1452 847 sentiebat,
1489 812 1552 836 ne-

79 881 185 906 cesse
213 880 314 914 esse,
342 871 385 903 ut
409 866 578 907 inter-*se
605 871 644 903 et
669 865 784 903 deum
793 894 803 913 5
841 879 866 902 a
892 879 968 915 quo
996 864 1184 903 auxilium
1212 872 1250 903 et
1276 867 1552 904 recreationem

80 938 320 984 expectaret,
359 933 476 970 animi
513 931 670 982 quidam
704 937 914 970 concentus
949 938 1052 969 esset
1079 937 1193 982 atque
1221 946 1441 972 consensus.
1493 933 1554 970 Ita

78 1000 275 1039 Bacchum
311 999 454 1048 gaudio
495 998 677 1037 colebant
718 999 941 1050 laetitiaque
976 1005 1014 1037 et
1049 999 1334 1050 voluptatibus,
1375 999 1476 1050 quod
1514 999 1554 1036 id

79 1068 247 1107 maxime
274 1068 429 1117 ingenio
458 1073 496 1105 et
523 1066 694 1105 moribus
722 1066 823 1104 illius
851 1066 914 1105 dei
941 1072 1074 1118 aptum
1103 1067 1365 1119 opinarentur,
1392 1066 1554 1105 Inonem

80 1137 160 1174 sive
186 1134 450 1173 Leucotheam
488 1139 616 1172 autem
653 1134 832 1172 cantibus
867 1134 1119 1184 lugubribuS,
1160 1135 1264 1185 quod
1290 1134 1406 1182 illam,
1434 1135 1554 1172 variis

80 1202 234 1241 casibus
261 1203 458 1253 jactatam,
485 1201 701 1243 maestitiae
728 1201 873 1252 aliquid
899 1201 1041 1240 habere
1069 1207 1261 1254 putarent.
1306 1202 1436 1251 Quam
1454 1201 1553 1239 Leu-

79 1270 254 1309 cotheam
283 1276 410 1308 utrum
439 1270 581 1307 usitato
608 1282 715 1307 more
743 1283 793 1307 an
821 1283 899 1307 non
928 1269 1098 1308 colerent
1117 1269 1264 1308 Eleatis
1283 1270 1554 1319 interroganti—

80 1338 151 1376 bus
179 1338 234 1376 ita
251 1337 453 1388 respondit
471 1336 736 1389 XenophaniS,
769 1341 812 1374 ut
839 1337 933 1374 satis
958 1343 1090 1387 aperte
1123 1336 1338 1375 ostendisse
1364 1336 1555 1385 videatur,

80 1420 155 1444 non
195 1419 351 1444 necesse
380 1404 453 1443 sibi
481 1404 622 1451 videri,
653 1409 695 1442 ut
722 1405 841 1443 artior
867 1405 1087 1456 conjunctio
1115 1404 1336 1443 hominibus
1364 1418 1452 1442 cum
1480 1404 1554 1442 diis

79 1473 348 1520 intercederet,
393 1478 436 1509 ut
470 1471 523 1509 dii
556 1471 676 1509 animi
719 1470 919 1509 affectibus
964 1474 1045 1509 sive
1089 1473 1244 1523 pietatis
1292 1473 1414 1521 signis
1451 1471 1551 1510 cole-

79 1544 211 1578 rentur
226 1539 278 1590 *).

182 1607 362 1657 Denique
389 1606 437 1643 de
464 1605 711 1656 jurejurando
754 1605 963 1656 aliquando
1004 1606 1208 1657 disputans
1218 1635 1229 1654 ,
1267 1608 1431 1658 jurando
1468 1620 1553 1644 sen—

77 1674 237 1713 tentiam
267 1674 459 1712 affirmare
486 1673 618 1721 vetuit,
653 1687 730 1711 non
766 1686 841 1724 quo
871 1672 1029 1711 deorum
1057 1674 1243 1713 sanctitas
1271 1675 1554 1727 profanaretur,

78 1743 147 1780 sed
173 1744 265 1793 quia
292 1742 452 1780 honesto
479 1742 562 1779 viro
589 1742 792 1791 indignum
819 1747 933 1789 esset,
966 1755 1053 1779 cum
1082 1742 1258 1793 improbo
1279 1744 1553 1794 jusjurandum

79 1809 114 1847 ei
142 1809 338 1848 deferente
365 1808 603 1857 contrahere,
630 1822 707 1846 non
735 1821 810 1859 quo
831 1808 926 1846 deus
948 1809 1203 1860 jurejurando
1226 1809 1454 1858 laederetur,
1485 1810 1552 1848 sed

80 1878 169 1926 quia
197 1877 311 1914 homo
333 1877 462 1927 justus
490 1876 541 1913 ab
568 1877 712 1926 injusto
745 1876 996 1926 deciperetur.
1050 1876 1111 1914 Ita
1141 1877 1397 1928 jurisjurandi
1423 1879 1550 1927 gravi—

78 1949 198 1982 tatem
225 1957 303 1982 non
331 1942 382 1981 ad
409 1942 523 1981 deum
551 1942 618 1980 sed
646 1942 696 1981 ad
724 1942 917 1981 hominem
943 1944 1060 1982 refert
1080 1944 1159 1993 **).

181 2012 227 2049 In
254 2013 337 2062 jure
357 2010 527 2061 jurando
555 2017 684 2048 autem
713 2011 774 2048 dei
802 2012 992 2049 rationem
1017 2012 1161 2050 habere
1186 2013 1377 2060 omittens,
1406 2011 1552 2050 nullum

81 2078 235 2117 omnino
264 2077 432 2117 officium
460 2077 510 2116 ad
538 2077 654 2116 deum
684 2077 860 2116 retulisse
887 2078 1050 2117 videtur.

183 2146 375 2196 Religioni
401 2146 531 2195 igitur,
558 2159 674 2196 quam
690 2145 929 2194 Stoicismus,
949 2147 1217 2197 Spinozismus
1236 2147 1297 2184 vel
1326 2147 1451 2185 omnis
1472 2147 1552 2185 fere

79 2213 266 2251 theismus
294 2213 424 2262 efficit,
451 2214 490 2250 in
505 2212 762 2264 Xenophanis
789 2213 836 2251 de
864 2227 1011 2251 summo
1040 2213 1197 2251 numine
1230 2214 1411 2265 opinione
1447 2214 1552 2251 locus

79 2295 156 2319 non
183 2288 251 2321 est.

183 2349 294 2387 Haec
321 2349 439 2387 etiam
465 2360 584 2385 causa
612 2347 731 2385 fuisse
756 2348 868 2386 nobis
886 2348 1051 2396 videtur,
1079 2361 1146 2384 cur
1174 2348 1259 2398 jam
1283 2354 1434 2387 veteres
1462 2350 1552 2386 scri-

162 2474 192 2514 2)
237 2472 410 2514 Siquidem
434 2471 589 2514 ponimus
616 2471 862 2513 Xenophanem
886 2472 976 2513 quod
1001 2472 1042 2502 de
1060 2471 1253 2501 Leucothea
1275 2470 1396 2501 dixerit
1418 2471 1553 2501 omnino

80 2524 121 2555 de
146 2535 273 2557 summo
296 2524 431 2556 numine
455 2524 567 2555 dicere
589 2523 746 2556 voluisse.

161 2578 209 2618 ⁴⁸)
251 2577 399 2609 Tantum
421 2579 533 2608 autem
557 2576 665 2617 abest,
688 2581 725 2609 ut
749 2577 848 2609 deum
878 2574 1057 2606 sanctitate
1091 2585 1205 2606 carere
1239 2574 1490 2613 existimaverit,
1521 2580 1555 2606 ut

79 2637 156 2659 eum
179 2629 234 2661 ita·
249 2639 353 2671 supra
376 2628 527 2660 homines
550 2628 675 2660 elatum
697 2627 867 2660 censuerit
887 2632 924 2659 ut
945 2625 1076 2668 injuriis
1099 2637 1213 2658 corum
1237 2627 1324 2658 iaedi
1348 2638 1415 2659 non
1432 2632 1556 2669 posset.
