1665 2793
736 106 990 145 „28-

122 207 248 258 ipsam
277 221 394 260 saepe
423 214 461 247 et
486 208 652 247 libenter
678 215 862 262 expertus
890 210 950 248 sit.
1007 208 1153 247 Verum
1181 207 1297 247 etiam
1334 208 1375 245 in
1412 208 1604 260 ejusmodi

121 274 388 327 voluptatibus
417 277 615 328 aliquanto
643 278 829 328 majorem
856 277 983 316 locum
1011 276 1212 327 occupari,
1247 274 1386 314 altiora
1413 276 1605 327 quaedam

122 343 291 393 spectari
319 343 403 381 vult
422 344 474 393 *):
503 357 551 381 ne
579 357 722 397 corpus
751 345 879 383 animo
907 344 1098 395 imperare
1125 343 1335 394 patiantur,
1363 356 1412 381 ne
1438 343 1602 383 insolen-

122 416 191 458 ter,
219 416 466 449 transeuntes
495 413 776 463 temperantiae
799 413 909 460 fines,
935 410 1117 449 libidines
1144 411 1202 449 ita
1229 411 1436 458 concitent,
1462 416 1505 449 ut
1524 425 1603 451 rec-

120 483 183 516 tae
211 479 472 517 eonscientiae
498 479 599 518 ratio
627 494 705 519 non
736 480 934 518 habeatur.

224 545 532 597 Intemperantia
567 547 670 585 enim
708 547 901 585 humanae
936 551 1101 584 naturae
1138 546 1405 584 excellentiam
1441 546 1604 597 turpiter

122 612 288 660 offendi3
334 613 374 651 id
403 614 531 664 quod,
560 614 653 653 laeti
680 614 860 653 videlicet
886 614 1054 652 convivii
1083 613 1381 665 descriptionem
1408 612 1604 652 hilaritate

121 678 290 729 quadam
305 692 579 731 conspergens,
607 681 703 719 satis
722 680 922 719 commode
942 679 1119 729 ostendit,
1146 680 1281 718 leviter
1300 679 1536 729 significans,
1563 680 1602 719 in

120 759 198 797 qua
226 747 447 787 conditione
479 749 629 787 versari
654 748 814 798 soleant,
842 750 907 799 qui
935 748 1048 799 gulae
1076 748 1191 786 nimis
1219 746 1458 785 indulserint.
1498 746 1601 786 Lau-

121 814 206 851 dari
235 821 364 853 autem
392 815 475 854 vult
504 830 602 860 eum,
632 816 698 867 qui
724 816 764 853 in
792 815 941 867 poculis
969 829 1015 854 eo
1043 815 1171 854 animo
1202 815 1361 853 affectus
1390 815 1449 862 sit,
1486 820 1528 853 ut
1555 814 1602 853 de

120 882 330 921 virtutibus
360 884 459 923 sciat
487 884 694 931 dicerem).
747 883 849 921 Illud
877 897 1068 922 summum
1097 882 1329 933 gaudiorum
1343 882 1604 922 convivalium

120 949 321 999 fastigium
350 952 558 999 existimat,
587 952 854 990 conviviorum
882 964 1018 989 amans
1037 951 1099 989 vel
1118 951 1287 989 maxime
1306 964 1353 988 ea
1372 950 1603 999 conditione,

120 1022 162 1055 ut
199 1018 318 1056 animi
353 1019 403 1058 ad
441 1019 628 1071 optimum
667 1018 847 1070 quodque
881 1018 1133 1069 cogitandum
1168 1018 1363 1070 libereque
1397 1018 1602 1057 dicendum

121 1086 371 1125 concitentur.

223 1152 361 1205 Itaque
389 1166 506 1205 quum
535 1154 761 1206 praecipiat,
789 1159 831 1192 ut
858 1154 898 1192 in
926 1154 1104 1193 omnibus
1124 1151 1436 1194 contentionibus
1456 1150 1603 1190 meliori

120 1220 286 1259 hominis
312 1222 416 1273 parti
445 1222 544 1260 ratio
573 1222 775 1270 habeatur,
804 1222 978 1273 sequitur
1004 1228 1046 1260 ut
1072 1222 1268 1261 luxuriam
1288 1220 1444 1260 stultam
1462 1226 1500 1258 et
1518 1220 1601 1258 inu—

117 1287 223 1326 tilem
252 1288 356 1326 dicat
368 1290 467 1337 *θ’-κ),
494 1294 532 1327 et
560 1289 857 1341 vituperandum
886 1296 1042 1329 censeat
1060 1304 1159 1339 eum,
1195 1290 1261 1341 qui
1288 1288 1455 1327 vestium
1482 1286 1600 1325 nimio

119 1356 323 1407 splendore
350 1357 700 1408 conspiciendoque
728 1371 928 1395 comarum
955 1364 1111 1409 comptu
1149 1357 1336 1395 excellere
1373 1355 1528 1394 studeat
1564 1361 1602 1392 et

117 1422 297 1473 gloriari,
342 1437 460 1475 quum
487 1437 628 1476 corpus
656 1430 817 1463 exornet
844 1429 959 1476 atque
989 1425 1160 1474 extollat,
1186 1424 1390 1463 imminuat
1417 1423 1600 1462 honorem

117 1492 246 1530 animi.
303 1491 454 1543 Corpus
483 1493 584 1530 enim
611 1506 708 1540 esse,
734 1492 839 1543 quod
865 1493 906 1530 in
925 1493 992 1531 tali
1012 1494 1230 1545 promineat
1249 1498 1286 1530 et
1305 1491 1600 1531 admirationem

118 1565 372 1608 commoveat,
398 1560 570 1598 animum
598 1559 778 1598 recedere
816 1567 930 1612 atque
968 1561 1124 1611 negligi.
1179 1559 1392 1612 Splendore
1427 1559 1599 1610 corporis

119 1627 321 1664 obscurari
349 1626 578 1676 dignitatem
608 1628 738 1665 animi.
792 1628 1058 1680 Rejiciendum
1085 1629 1204 1678 igitur
1223 1622 1373 1665 censui‘t
1390 1626 1598 1677 Xenopha-

118 1708 187 1732 nes
224 1694 361 1732 luxum
388 1708 411 1732 a
438 1693 564 1745 Lydis
601 1702 825 1748 acceptum,
871 1709 946 1747 quo
975 1696 1152 1734 effectum
1179 1709 1264 1733 esse
1290 1694 1512 1742 videretur,
1558 1700 1599 1732 ut

117 1761 448 1812 Colophoniorum
476 1762 614 1800 civitas
643 1763 683 1801 in
710 1763 918 1802 Persarum
946 1763 1188 1802 dominatum
1215 1762 1376 1810 veniret,
1402 1773 1521 1813 quum
1551 1774 1598 1798 ne

369 1871 404 1907 ἦ)
451 1872 517 1908 Οὐχ
544 1871 670 1910 ὕβρεις·
700 1875 814 1903 πίνειν
837 1872 865 1902 δ’
888 1873 1019 1903 ὁπόσον
1041 1876 1098 1903 κὲν
1122 1874 1206 1910 ἔχων
1230 1871 1368 1912 ἀφίκσιο

507 1921 622 1954 οἴκαδ’
644 1924 725 1953 ἄνει·
749 1923 934 1963 προπόλου,
958 1925 1003 1964 μὴ
1027 1923 1117 1955 πάνυ
1137 1922 1304 1967 γηραλέος.

117 1973 197 2007 Sine
220 1984 325 2015 puero
348 1974 456 2006 facem
481 1978 639 2016 portante
662 1979 722 2007 aut
744 1975 833 2007 viam
857 1979 1057 2009 nonstrante
1090 1976 1134 2007 ab
1169 1976 1277 2016 epulis
1300 1975 1410 2008 redire
1445 1974 1596 2007 modicae

118 2026 303 2067 potationis
337 2030 371 2057 et
402 2027 525 2057 veteris
556 2027 803 2067 temperantiae
837 2028 1015 2069 indicium⁷
1061 2028 1153 2069 quod
1186 2028 1277 2069 apud
1307 2026 1594 2059 Lacedaemonios

116 2077 217 2109 etiam
242 2078 317 2121 lege
336 2079 470 2120 jussum
494 2082 584 2111 erat:
629 2081 765 2112 πιόντες
790 2078 826 2111 δὲ
848 2084 990 2121 μετρίως
1013 2079 1134 2111 ἀπίασι
1157 2078 1232 2118 δίχα
1255 2079 1426 2115 λαμπάδος
1448 2080 1495 2111 ait
1519 2078 1596 2110 Plu-

117 2130 254 2161 tarchus
278 2131 428 2172 Lycurg.
454 2142 481 2162 c.
498 2134 544 2163 12.
590 2132 781 2174 Xenophon
795 2132 877 2174 Rep.
889 2132 1016 2164 Laced.
1041 2142 1068 2163 c,
1080 2132 1109 2163 5.
1127 2135 1206 2163 sect.
1220 2133 1248 2164 7.
1267 2132 1327 2163 cfr.
1341 2132 1485 2164 Karsten
1498 2143 1529 2172 p.
1543 2131 1593 2162 72.

328 2183 380 2222 **)
419 2181 571 2224 Ἀνδρῶν
595 2182 737 2214 δἀἰνεῖν
761 2187 884 2214 τοῦτον
909 2183 925 2213 ὁ
951 2182 1058 2214 ἐσθλὰ
1082 2184 1174 2214 πιών
1197 2183 1380 2225 ἀναφαίνει

465 2235 517 2269 Ὡς
541 2236 576 2267 οἱ
595 2237 794 2281 μνημοσύνῃ
819 2239 874 2267 καὶ
896 2239 994 2277 μένος
1018 2235 1097 2277 ἀμφ’
1122 2239 1250 2279 ἀρετῆς.

1341 2289 1421 2321 Ath.
1446 2289 1466 2320 l.
1489 2288 1510 2319 l.

285 2340 360 2380 ***)
396 2341 602 2381 quoov‘vas·
624 2339 660 2371 δὲ
680 2339 856 2380 μαθόντες
880 2340 1069 2381 ἀνωφελέας
1093 2340 1186 2382 παρὰ
1208 2339 1334 2372 Λυδῶν

432 2393 536 2436 ’Όφρα
560 2395 757 2434 τυραννειής
779 2388 864 2431 ἦσαν
888 2393 969 2424 ἄνευ
992 2397 1156 2436 στυγερῆς·

390 2446 511 2475 Ἠϊσαν
535 2446 580 2478 εἰς
604 2445 731 2487 ἀγορὴν
756 2444 991 2488 πιιναλούργεα
1014 2445 1109 2487 φάρε’
1133 2450 1261 2484 ἔχοντες

441 2498 485 2527 Οὐ
501 2501 615 2536 μείους
640 2498 727 2538 ἢπερ
748 2495 850 2535 χίλιοι
872 2497 915 2530 ὠς
938 2496 1063 2529 ἐπίπαν

397 2549 572 2589 Αὑχαλεόι,
594 2553 750 2594 χαίτῃσιν
773 2549 995 2593 ιἰγαλλόλιιενοι
1016 2553 1188 2594 χηριέσσῃς

431 2602 600 2640 Ἀσκητοῖς
620 2601 727 2640 ὀδμὴν
747 2607 886 2645 χρίμασι
909 2600 1095 2642 δευόμενοι.

1212 2655 1292 2686 Ath.
1316 2654 1358 2685 X.
1382 2666 1413 2696 p.
1439 2655 1508 2686 526.
