1665 2793
698 94 952 132 „17-

88 200 183 247 lens,
229 199 310 236 und
357 197 539 239 scheitert
583 196 704 234 daher
750 211 800 235 an
845 197 914 235 der
960 197 1274 248 Unmoglichkeit
1320 198 1445 234 seines
1492 195 1566 233 Be—

90 267 291 316 ginnens.“
307 264 351 316 ³¹⁸)

196 342 259 379 Ita
298 340 581 391 Xenophanem
621 339 844 378 describens
884 343 955 379 etsi
985 339 1148 380 Cramer
1184 355 1232 380 ex
1260 347 1416 380 nostrae
1453 341 1569 378 nimis

94 409 235 449 aetatis
261 407 418 457 ingenio
449 406 601 445 locutus
633 420 719 445 esse
743 407 946 453 videatur,
988 415 1119 448 manet
1144 414 1274 447 tamen
1287 439 1296 458 ‚
1334 408 1437 460 quod
1463 413 1568 446 recte

93 475 293 522 intellexit,
325 474 619 526 Xenophanem,
657 474 814 513 elatiore
842 476 1010 526 quodam
1046 478 1174 514 animo
1201 477 1432 528 praeditum,
1457 487 1567 513 suam

93 552 198 584 certe
224 547 392 581 aetatem
420 542 693 594 praecurrisse.

196 620 378 659 Cernitur
405 627 546 668 autem,
576 626 617 658 ut
636 621 721 672 jam
751 633 870 671 supra
885 620 1063 669 diximus,
1092 620 1158 658 illa
1185 621 1304 658 animi
1333 621 1448 659 elatio
1473 622 1568 659 etin

95 691 238 741 pietate
267 687 453 737 singulari
481 693 519 724 et
544 688 584 724 in
611 688 751 725 mentis
780 688 968 726 acumine.

194 765 265 803 Pio
295 765 423 802 animo
458 763 657 815 praeditus
685 764 854 815 undique
881 763 1161 802 circumdatum
1191 778 1230 802 se
1259 765 1568 803 sentitasummi

94 834 260 871 numinis
289 831 508 869 divinitate:
553 831 615 868 cui
641 832 869 882 quominus,
899 831 1210 868 ardentissimum
1239 832 1358 869 animi
1385 832 1570 884 impetum

94 905 269 946 secutus,
307 903 428 935 totum
463 911 503 934 se
539 896 686 947 tradat,
723 899 862 936 mentis
889 899 1109 937 constantia
1136 904 1173 936 et
1200 898 1357 936 tristitia
1382 898 1571 949 prohibet.

97 967 228 1005 Vincit
264 978 415 1017 semper
442 970 578 1002 acutae
606 967 744 1002 mentis
772 966 951 1015 pertinax
977 966 1196 1004 constantia
1224 964 1330 1002 illum
1358 966 1476 1002 animi
1503 967 1573 1003 im-

94 1039 238 1086 petum,
272 1033 451 1083 omnique
479 1044 606 1070 rerum
630 1037 793 1070 naturae
819 1037 1023 1070 venustate
1051 1032 1194 1084 rejecta
1220 1030 1420 1084 pulchram
1447 1045 1575 1070 rerum

94 1099 400 1139 vicissitudinem
428 1101 482 1139 ita
522 1099 716 1150 dissolvit,
761 1106 803 1139 ut
842 1114 920 1138 una
960 1106 1111 1139 tantum
1148 1099 1355 1138 immobilis
1383 1106 1421 1138 et
1446 1100 1575 1151 rigida

95 1167 286 1219 quaedam
346 1168 564 1207 substantia
626 1169 905 1221 conspiciatur,
969 1174 1007 1206 et
1060 1181 1159 1219 quae
1213 1168 1316 1206 omni
1371 1175 1574 1206 venustate

94 1241 235 1274 careat.
255 1235 324 1288 **)

197 1319 335 1370 Itaque
361 1325 511 1357 tantum
541 1319 688 1367 aberat,
716 1325 758 1356 ut
784 1318 1049 1370 Xenophanes
1078 1321 1217 1357 summi
1244 1319 1413 1356 numinis
1441 1320 1572 1369 cogni-

97 1388 201 1426 tione
231 1387 402 1425 animum
429 1387 601 1438 quietum
628 1384 825 1429 redderet,
862 1392 904 1424 ut
929 1385 1034 1424 luctu
1063 1387 1257 1438 animique
1284 1385 1573 1437 perturbatione

96 1454 375 1493 absumeretur.

199 1536 253 1575 At
281 1536 535 1588 Xenophanis
563 1536 610 1574 de
638 1536 700 1575 dei
735 1543 773 1575 et
809 1536 942 1575 mundi
978 1543 1116 1575 natura
1158 1537 1288 1588 opinio
1325 1535 1440 1587 vulgo
1469 1536 1569 1575 Pan—

97 1605 283 1643 theismus
314 1604 463 1643 dicitur.
522 1605 627 1652 Quid
657 1618 800 1643 causae
828 1610 898 1653 est,
925 1617 994 1642 cur
1020 1604 1125 1642 illum
1155 1605 1283 1657 opinio
1314 1617 1385 1642 sua
1414 1618 1489 1641 non
1516 1605 1571 1642 ita

98 1673 268 1724 quietum
304 1670 534 1720 reddiderit,
573 1671 896 1724 quemadmodum
938 1671 1107 1721 Stoicos,
1148 1672 1358 1725 Spinozam
1389 1672 1572 1723 aliosque,

96 1742 161 1790 qui
190 1740 472 1792 pantheismum
501 1739 854 1789 praedicaverunt?
910 1739 1029 1777 Stoici
1058 1744 1096 1777 et
1124 1739 1296 1790 Spinoza
1323 1740 1364 1776 in
1392 1740 1572 1790 opinione

96 1820 167 1844 sua
194 1807 322 1858 quieto
351 1813 388 1845 et
413 1806 524 1846 firmo
555 1808 683 1846 animo
719 1812 1082 1859 perseveraverunt,
1126 1807 1218 1859 quia
1257 1806 1323 1845 illa
1364 1806 1570 1845 salutarem

94 1876 197 1912 vitae
225 1875 468 1925 disciplinam
496 1876 692 1913 continuit.
747 1874 1029 1925 Comparantes
1057 1879 1185 1911 autem
1204 1873 1459 1924 Xenophanis
1477 1888 1572 1924 pan-

96 1940 315 1990 theismum‚
343 1947 533 1993 quatenus
563 1955 651 1980 eum
678 1954 728 1980 ex
754 1942 889 1993 paucis
925 1940 999 1979 illis
1035 1954 1134 1992 quae
1169 1946 1376 1994 supersunt
1403 1940 1573 1993 reliquiis

96 2009 311 2059 intelligere
338 2023 555 2059 possumuS,
583 2023 670 2047 cum
699 2009 945 2060 opinionibus
975 2008 1060 2056 illis,
1087 2021 1185 2058 quas
1212 2010 1251 2046 in
1269 2009 1407 2047 Stoicis
1435 2016 1472 2046 et
1488 2008 1572 2059 Spi-

180 2162 217 2202 *)
257 2161 389 2198 Quibus
413 2161 476 2192 etsi
500 2161 532 2191 in
557 2160 900 2192 universumEleatici
918 2160 1112 2201 philosophi
1138 2158 1299 2200 descripti
1321 2159 1402 2198 sint,
1425 2162 1458 2190 et
1481 2160 1571 2200 quod

98 2213 138 2244 de
172 2223 332 2245 sensuum
358 2212 508 2244 vanitate
542 2213 667 2244 dictum
702 2216 752 2244 est
775 2212 827 2244 vel
859 2213 1003 2245 maxime
1027 2212 1060 2244 in
1084 2210 1320 2243 Parmenidem
1346 2215 1380 2243 et
1402 2211 1572 2244 Zenonem

98 2266 210 2307 eadat,
245 2271 357 2298 tamen
391 2273 481 2297 certe
503 2276 593 2307 quae
616 2267 657 2297 de
681 2266 849 2298 desiderio
873 2266 1097 2307 amplectendi
1132 2265 1278 2295 numinis
1301 2265 1406 2296 divini
1430 2265 1573 2305 legimus

100 2318 142 2347 ad
167 2318 411 2359 Xenophanem
434 2316 616 2348 referenda
639 2322 727 2348 sunt.

459 2369 513 2412 *²³²7
556 2394 563 2400 .
582 2394 588 2400 .
607 2393 614 2400 .
633 2393 640 2400 .
666 2367 760 2408 ὅππη
782 2369 846 2412 γὰρ
869 2369 952 2409 ἐμὸν
975 2370 1058 2400 νόον
1083 2368 1251 2409 εἰριῗυαιμι

379 2423 432 2455 Εἰς
458 2425 495 2453 ἓν
518 2421 547 2451 δ’
576 2422 660 2452 αὐτὸ
684 2419 719 2451 δὲ
743 2426 813 2451 πᾶν
836 2421 1003 2459 ἀνελύετο,
1025 2425 1094 2452 πᾶν
1117 2418 1147 2449 δ’
1175 2420 1232 2450 ἑὸν
1255 2420 1322 2449 αἰεὶ

378 2475 492 2512 Πιίντη
516 2471 742 2512 ἀνελκόμενον
763 2476 847 2512 μίαν
872 2473 916 2505 εἰς
939 2474 1038 2514 φύσιν
1062 2470 1192 2502 2'03113‘
1219 2470 1351 2502 {iuncor-

643 2524 764 2557 Timon
788 2534 840 2567 ap.
868 2525 956 2558 Sext.
983 2525 1077 2566 Emp.
1099 2522 1267 2565 Pyrrhon.
1290 2522 1316 2555 1.
1338 2523 1389 2556 33.
1415 2524 1486 2556 224.

99 2574 168 2610 υἷϊ.
191 2576 293 2610 Arist.
318 2577 467 2619 Metaph.
494 2577 519 2610 Ῐ.
542 2578 572 2609 5,
594 2579 665 2611 986.
679 2578 712 2610 b.
725 2578 783 2611 18:
807 2579 1000 2619 Ξενοφάνης
1023 2577 1058 2607 δὲ
1081 2600 1190 2609 .....
1216 2578 1259 2609 εἷς
1282 2577 1344 2607 τὸν
1368 2576 1448 2608 “it-uu
1476 2580 1575 2620 οὐρα-

99 2629 160 2659 γὸν
184 2631 439 2671 «ὶποβλέψαςτὺ
467 2633 503 2660 ἓν
527 2630 617 2661 elwa(
639 2643 719 2673 φ’,σι
741 2631 799 2662 τὸν
821 2630 919 2665 θεόν.

1303 2694 1325 2728 2
