1665 2793
662 93 917 131 -34,.

48 192 101 232 lia
120 190 380 247 Xenophanis
408 200 536 235 aetate
561 202 687 245 erant,
713 209 783 248 per
811 210 853 236 se
877 210 1008 235 mores
1036 210 1114 237 non
1137 198 1356 251 corrupisse
1380 197 1538 237 videan-

50 267 142 313 tur37
172 262 243 300 etsi
271 263 406 313 negari
433 269 613 314 nequeat,
650 264 844 316 posterius
871 277 918 303 ea
945 263 1142 304 libidinosi
1170 264 1317 317 aliquid
1343 263 1540 315 habuisse,

50 335 104 378 et,
140 328 322 368 sensibus
348 329 608 370 titillationem
635 331 796 370 nimiam
824 330 1071 381 adhibentis,
1108 331 1340 384 cupiditates
1367 334 1540 385 corporis

50 397 279 437 concitasse.
724 411 727 414 ·
1010 390 1015 397 ¹

155 463 421 518 Xenophanes
451 472 578 504 autem
599 479 750 505 omnem
772 473 893 505 artem
913 465 1138 519 simpliciter
1153 468 1396 520 contempsit,
1421 480 1541 518 quum

50 532 129 583 jam
158 533 314 570 omnino
342 544 460 572 verae
485 533 686 584 religionis
713 534 925 587 quidquam
954 535 1083 573 inesse
1121 535 1217 573 artis
1254 533 1438 587 operibus
1474 547 1540 574 m-

50 600 238 650 garet*),
281 614 406 652 neque
451 615 585 641 eorum
622 601 948 654 contemplatione
982 615 1111 641 mores
1146 603 1185 640 in
1224 602 1362 641 melius
1399 603 1542 641 mutari

54 666 224 717 videret,
262 668 451 720 siquidem
481 682 568 707 eum
596 669 732 720 fugere
769 682 848 709 non
881 670 1026 721 potuit,
1063 670 1198 720 augeri
1231 669 1385 722 quidem
1419 670 1543 720 signis

49 733 124 773 illis
152 735 462 786 contemplandis
490 735 649 774 deorum
686 738 977 785 auctoritatem,
1023 738 1181 775 minime
1225 743 1356 775 autem
1400 736 1540 774 eadem

51 802 203 840 ratione
230 803 423 841 virtutem.

154 868 417 908 Contemnens
442 870 560 919 igitur
585 864 690 908 illam
719 871 918 921 signorum
946 871 1310 923 contemplationem
1342 885 1422 924 qua
1449 884 1536 911 sen-

51 951 116 975 sus
145 944 297 975 tantum
324 943 582 981 moverentur,
627 950 705 976 non
734 938 980 977 erudirentur
1005 938 1137 986 animi,
1179 938 1374 987 doctrinis,
1415 939 1542 977 conci-

50 1004 224 1057 piendis,
266 1005 416 1042 ratione
443 1011 611 1042 mentem
641 1019 664 1043 a
692 1004 871 1043 sensibus
900 1012 1109 1052 avocante,
1145 1018 1272 1044 mores
1299 1006 1543 1044 conformare

50 1072 180 1112 voluit.
237 1071 315 1110 Sed
343 1071 542 1110 doetrinae
570 1071 660 1110 illae
685 1085 824 1124 parum
853 1072 1031 1111 efficaces
1059 1073 1236 1120 fuerunt,
1274 1085 1412 1124 parum
1437 1074 1542 1111 enim

51 1140 207 1178 omnino
249 1138 413 1177 docendi
453 1138 547 1176 illud
592 1151 715 1188 genus
761 1138 882 1189 (quod
919 1138 1155 1177 didacticum
1207 1138 1392 1191 dicimus)
1437 1139 1542 1191 apud

49 1206 223 1245 Graecos
250 1204 392 1254 valuit,
426 1219 544 1257 quum
573 1205 612 1243 id
641 1212 744 1244 esset
770 1218 904 1244 eorum
931 1206 1154 1256 ingenium,
1195 1213 1237 1243 ut
1264 1205 1384 1245 libere
1411 1213 1449 1245 et
1476 1220 1537 1245 so-

48 1274 140 1320 lute,
176 1285 277 1324 quae
304 1273 444 1309 animis
471 1273 589 1310 insita
615 1278 753 1320 essent,
787 1271 1009 1310 excolerent
1036 1278 1152 1324 atque
1181 1278 1444 1325 sequerentur,
1472 1285 1539 1326 pa-

50 1354 136 1380 rum
165 1342 281 1380 etiam
308 1340 437 1392 poesis
465 1339 659 1379 didactica
688 1341 792 1391 apud
825 1353 891 1379 eos
917 1340 1055 1391 viguit.
1096 1340 1228 1379 Finito
1257 1339 1413 1379 demum
1441 1339 1541 1379 bello

51 1407 394 1459 Peloponnesiaco,
420 1419 550 1458 quum,
578 1406 804 1457 defatigatis
833 1407 985 1452 animis,
1013 1407 1175 1445 virtutes
1202 1406 1367 1445 deficere
1390 1407 1540 1458 coepis—

51 1481 147 1524 sent,
177 1475 391 1525 sapientiae
418 1487 646 1525 morumque
666 1480 874 1525 praecepta
899 1480 1017 1524 atque
1047 1474 1247 1513 doctrinae
1266 1474 1423 1512 auditae
1441 1481 1540 1512 sunt.

153 1541 380 1593 Praeceptis
408 1541 525 1591 igitur
539 1540 805 1594 Xenophanes
833 1540 929 1579 nihil
956 1540 1111 1579 efficere
1138 1541 1264 1594 potuit
1289 1539 1396 1592 apud
1415 1539 1538 1579 Grae-

50 1624 127 1658 cos,
153 1609 274 1648 multo
302 1610 428 1647 miuus
457 1609 561 1660 apud
590 1607 866 1660 Colophonios.
921 1610 1000 1658 Qui
1026 1621 1147 1660 quum
1173 1609 1318 1646 attium
1340 1608 1535 1659 operibus,

50 1677 100 1730 ad
121 1677 261 1715 aetatis
277 1674 379 1714 illius
397 1676 596 1726 ingenium
616 1675 932 1724 accommodatis,
951 1675 1097 1715 trustra
1114 1674 1165 1714 ad
1180 1675 1363 1713 virtutem
1377 1680 1420 1713 et
1437 1680 1537 1713 tem-

49 1745 268 1798 perantiam
293 1745 423 1783 vocati
448 1750 588 1792 essent,
616 1743 810 1795 quomodo
839 1749 1086 1781 moverentur
1111 1743 1341 1794 praeceptis,
1368 1755 1534 1794 quorum

53 1812 224 1862 cognitio
254 1811 383 1849 animo
412 1823 544 1848 eorum
573 1810 686 1848 altior
711 1811 816 1849 erat!

155 1878 271 1918 Tales
298 1878 475 1917 civitates
503 1877 554 1916 ab
582 1878 738 1916 interitu
766 1878 965 1916 vindicare
992 1891 1105 1916 nemo
1133 1879 1277 1929 potuit:
1313 1876 1540 1915 excolendis

52 1948 170 1996 vitiis,
198 1947 327 1985 animo
355 1945 492 1992 insitis,
516 1946 558 1983 in
585 1944 795 1996 perniciem
812 1951 984 1984 ruerunt.
1025 1943 1310 1996 Xenophanem
1325 1950 1454 1982 autem
1469 1957 1540 1996 per

53 2016 262 2066 sexaginta
291 2019 437 2064 septem
467 2026 592 2051 annos
620 2026 714 2050 cura
741 2018 779 2051 et
808 2012 1065 2051 sollicitudine
1089 2013 1312 2051 affecerunt.

158 2081 235 2119 Sed
262 2094 311 2119 ne
342 2079 391 2118 ab
420 2081 467 2118 iis
494 2079 661 2131 quidem,
688 2080 756 2131 qui
784 2079 833 2117 ad
863 2079 982 2118 ani-mi
1007 2080 1170 2118 virtutes
1186 2080 1437 2126 eniterentur,
1460 2077 1538 2116 Xe-

52 2149 245 2202 nophanis
273 2146 480 2200 disciplina
505 2147 621 2185 facile
648 2147 769 2199 recipi
799 2146 942 2194 potuit,
974 2146 1190 2196 intelligere
1215 2147 1320 2183 enim
1346 2158 1538 2183 summm

50 2216 145 2256 illud
172 2216 329 2262 bonum,
356 2213 461 2265 quod
480 2215 615 2252 statuit
633 2213 910 2265 Xenophanes,
939 2225 1017 2251 non
1043 2213 1181 2264 potuit,
1209 2213 1283 2250 nisi
1306 2213 1375 2263 qui
1398 2211 1537 2250 eadem

52 2297 130 2336 qua
147 2282 210 2321 ille
228 2281 386 2321 tristitia
405 2287 443 2319 et
462 2282 668 2320 severitate
687 2294 761 2331 res,
781 2293 881 2332 quae
899 2281 940 2319 in
957 2279 1205 2333 philosophia
1215 2285 1432 2328 versantur,
1452 2291 1537 2331 per-

51 2356 245 2391 scrutatus
271 2349 416 2388 fuisset.
471 2348 572 2387 Tum
601 2349 835 2400 autequuis
866 2347 1056 2400 ejusmodi
1084 2346 1201 2386 rebus
1232 2360 1392 2399 operam
1411 2346 1537 2395 dam,

50 2433 126 2472 quo
154 2425 327 2469 tempore
351 2416 416 2456 vel
453 2417 624 2470 ‘optimus
667 2416 830 2468 quisque
872 2417 928 2455 ita
953 2416 1060 2455 vitae
1084 2420 1291 2454 venustate
1319 2414 1537 2463 tenebatur,

136 2573 166 2610 ·)
210 2571 314 2605 clem
344 2570 437 2604 Alex.
456 2570 579 2603 Strom.
608 2569 646 2601 V
672 2578 705 2611 p
718 2569 795 2602 601.
825 2568 859 2602 C.
893 2573 927 2601 et
948 2568 1072 2601 Euseb
1103 2577 1216 2609 praep
1240 2566 1537 2608 ev.X111.13.p.

51 2627 122 2658 678
146 2625 189 2657 D
226 2624 292 2656 Cfr.
317 2634 396 2665 pag.
422 2624 470 2655 12
