1665 2793
684 82 934 138 427-

81 205 211 260 parari
239 205 315 243 nisi
341 204 551 255 sapientia:
596 216 643 241 ea
668 203 808 241 mentis
835 202 1128 251 exercitatione,
1172 216 1251 254 qua
1278 204 1430 241 animus
1458 203 1557 241 adeo

83 272 299 316 erudiatur,
336 277 379 309 ut
416 270 509 322 quid
542 270 686 308 bonum
715 271 765 308 sit
792 276 908 322 atque
935 269 1137 308 honestum
1164 272 1375 322 perspiciat
1400 284 1556 323 perspe-

81 348 260 390 ctumque
287 344 454 390 appetat.
495 338 694 377 Honorem
721 340 785 390 qui
813 340 965 390 corpori
992 343 1142 376 tantum
1169 338 1363 377 tribuatur
1389 353 1467 377 non
1487 353 1553 378 ve-

82 421 164 447 ram
190 406 357 443 hominis
384 406 562 443 naturam
589 412 760 456 tangere,
787 407 1005 456 graviorem
1034 407 1133 443 enim
1162 411 1200 443 et
1226 406 1420 444 meliorem
1434 406 1555 444 homi-

83 477 140 514 nis
167 477 318 525 partem
347 486 431 511 esse
461 473 642 513 animum.
729 470 733 472 i

185 539 325 578 Graeci
361 540 513 591 quidem
557 540 676 579 robur
711 544 933 592 ceterasque
972 540 1144 591 corporis
1172 540 1333 578 virtutes
1374 539 1557 578 honestas

83 607 416 656 existimaverunt,
460 621 579 660 quum
611 633 654 639 -
684 609 853 648 Homero
904 606 1107 652 auctore*)
1137 631 1187 635 —
1213 620 1348 646 veram
1388 607 1556 647 hominis

83 683 260 716 naturam
287 689 429 727 corpus
457 690 541 714 esse
568 677 831 728 opinarentur,
858 675 1122 727 Xenophanes
1149 681 1288 723 autem,
1329 689 1447 727 quum
1475 677 1556 714 ani—

83 757 186 783 mum
214 755 326 781 suum
350 743 467 793 longa
495 744 769 782 exercitatione
797 744 1002 782 erudiisset
1028 749 1067 780 et
1085 742 1268 781 sensisset
1285 743 1457 781 animum
1475 757 1558 782 cor-

83 812 168 864 pori
194 816 405 861 praestare‚
432 810 472 848 in
501 813 630 849 animo
658 811 824 849 hominis
852 811 1078 860 dignitatem
1106 810 1273 861 positam
1302 823 1387 848 esse
1413 811 1558 848 intelle-

84 879 158 926 xit,
197 877 253 915 ita
288 882 332 915 ut
358 877 523 916 hominis
550 884 653 916 esset
679 879 798 916 animi
826 877 1034 916 virtutibus
1062 875 1260 914 excellere.
1315 877 1429 926 Quae
1457 878 1558 916 enim

85 960 146 984 res
173 959 250 983 non
278 945 330 982 ad
357 945 553 983 meliorem
580 945 687 983 illam
715 946 884 985 hominis
912 950 1062 998 partem
1099 944 1344 992 referrentur,
1378 946 1450 983 etsi
1477 946 1558 997 pul-

87 1012 301 1051 chritudine
344 1012 589 1051 abundarent
637 1014 678 1051 in
723 1026 947 1064 summoque
992 1012 1138 1050 honore
1182 1017 1322 1060 essent,
1360 1011 1561 1051 honestate

88 1094 218 1119 carere
246 1086 284 1118 et
310 1081 613 1119 contemnendas
642 1094 735 1121 csse.

186 1149 299 1196 Quae
343 1148 577 1199 contemptio
623 1148 812 1195 ludorum,
851 1148 991 1198 quibus
1036 1149 1160 1185 omnis
1207 1162 1289 1188 mos
1324 1148 1562 1186 Graecorum

87 1215 392 1267 praeclarissime
419 1228 460 1253 se
487 1216 763 1264 manifestavit,
791 1215 1011 1266 opinionem
1036 1216 1233 1254 concitare
1260 1217 1394 1266 possit,
1434 1216 1562 1253 Xeno—

86 1282 249 1333 phanem
277 1295 409 1320 omnes
438 1282 656 1332 voluptates
685 1282 910 1334 simpliciter
937 1288 975 1319 et
1002 1282 1178 1320 absolute
1204 1283 1324 1333 rejici,
1355 1282 1452 1320 nihil
1479 1296 1560 1320 cor-

86 1349 168 1400 pori
204 1349 395 1401 indulgeri
427 1349 604 1389 voluisse.
651 1349 859 1387 ⁴Evertitur
894 1349 959 1387 illa
989 1350 1129 1401 opinio,
1161 1363 1279 1400 quum
1308 1350 1414 1401 apud
1441 1349 1561 1388 Athe-

86 1429 225 1453 naeum
244 1415 313 1462 **)
345 1416 517 1465 legatur,
561 1416 833 1466 quaratione'
862 1417 1005 1454 laetum
1044 1417 1266 1454 convivium
1303 1417 1563 1468 descripserit.

85 1483 145 1520 Ita
172 1484 417 1534 ipsesentit,
463 1497 562 1534 quae
590 1482 637 1520 de
666 1483 767 1520 veris
794 1483 834 1520 in
861 1483 1042 1521 convivio
1071 1483 1336 1534 voluptatibus
1364 1485 1476 1533 dicit,
1522 1490 1565 1521 ut

86 1551 180 1588 satis
208 1556 416 1602 appareat,
460 1556 611 1588 tantum
644 1550 802 1598 abesse,
834 1557 876 1588 ut
906 1550 1126 1602 voluptates
1159 1551 1380 1589 convivales
1413 1565 1565 1590 morose

85 1617 367 1669 contempserit,
395 1623 439 1656 ut
466 1617 590 1656 omnis
618 1618 799 1666 convivii,
826 1625 900 1669 quo
929 1618 1048 1656 animi
1075 1617 1126 1655 ad
1154 1618 1370 1657 modestam
1398 1624 1437 1657 et
1456 1632 1564 1657 vere—

86 1686 252 1724 cundam
280 1685 469 1724 laetitiam
499 1685 726 1733 excitentur,
755 1686 1045 1723 amantissimus
1072 1685 1192 1723 fuisse
1220 1686 1408 1725 videatur.

187 1752 248 1790 Ita
275 1752 376 1791 enim
405 1752 456 1789 ad
483 1752 685 1790 veritatem
714 1752 934 1791 describere
961 1766 1039 1791 non
1073 1758 1222 1804 potest,
1267 1753 1343 1791 nisi
1380 1753 1446 1804 qui
1483 1766 1565 1791 rem

170 1854 205 1896 ff)
248 1854 286 1885 ll.
311 1867 341 1888 a,
366 1856 397 1887 4.
421 1866 458 1895 ψ,
491 1856 541 1887 21.
571 1855 621 1888 65.
656 1857 724 1888 107.
755 1856 815 1888 cfr.
839 1855 1086 1897 Naegelsbach,
1106 1855 1198 1887 hom.
1222 1855 1341 1888 Theol.
1365 1856 1448 1889 VII:
1493 1856 1565 1887 Der

88 1906 289 1948 eigentlichc
311 1906 449 1938 Mens-ch
473 1906 517 1937 ist
542 1907 601 1938 der
623 1906 716 1939 Leib.
761 1907 882 1949 Zeller,
907 1907 1033 1939 Philos.
1057 1908 1089 1939 d.
1113 1907 1171 1940 Gr.
1195 1907 1221 1939 1.
1247 1918 1277 1948 p.
1295 1909 1355 1940 86:
1401 1907 1465 1938 Die
1480 1907 1565 1939 Sub—

90 1961 183 1990 stanz
208 1959 265 1991 des
288 1958 473 1990 Menscheu
494 1958 538 1990 ist
559 1959 619 1990 der
639 1958 737 1991 Leib.
759 1979 801 1983 —

274 2012 327 2049 ³¹²⁸)
370 2010 530 2051 Nfiviyo'tp
553 2009 593 2050 δὴ
620 2008 767 2049 ζάπεδον
790 2011 952 2052 καθαρὸν
974 2014 1032 2041 καὶ
1046 2013 1152 2053 χεῖρες
1177 2010 1345 2041 ἁπάντων

408 2065 477 2093 Καὶ
499 2061 634 2096 κύλικες·
658 2062 817 2097 πλεκτοὺς
840 2062 1073 2106 δ’ἀμφιτιθεὶε
1096 2062 1290 2105 στεφάνους,

360 2114 468 2148 Ἄλλος
490 2113 642 2149 ὃέὐώδες
661 2115 770 2157 μύρον
792 2120 829 2148 έν
851 2115 952 2159 φιάλῃ
976 2118 1184 2157 παρατείνει·

410 2166 546 2210 Κρατὴρ
571 2166 600 2199 δ’
623 2170 761 2207 ἕστηκεν
783 2170 904 2210 μεστὸς
928 2167 1146 2210 ἐϋφροσύνης·

363 2218 466 2259 Ἄλλῳ
491 2217 519 2249 δ’
545 2219 636 2252 οἶνος
657 2222 790 2260 ἕτοιμος
813 2219 847 2253 ὃς
870 2221 996 2251 οὔποτε
1018 2222 1099 2261 φησὶ
1121 2217 1314 2261 προδώσειν

410 2270 573 2310 Μείλιχος,
595 2274 633 2301 ἐν
654 2272 821 2312 κεράμοις,
847 2273 975 2304 ἄνθεος
997 2269 1197 2310 &mmmmm

364 2325 424 2355 Ἐν
446 2320 482 2354 δὲ
502 2325 613 2363 μέσοις
636 2321 744 2365 ἁγνὴν
767 2320 876 2363 ὀδμὴν
899 2322 1086 2363 λιβανωτὸς
1111 2322 1188 2360 ἵησι·

411 2378 541 2417 Ψυχρὸν
563 2372 592 2405 δ’
612 2377 704 2406 ἐστὶν
725 2373 817 2416 ὕδωρ
840 2378 895 2406 καὶ
915 2373 1016 2416 γλυκὺ
1039 2377 1096 2405 καὶ
1118 2374 1286 2413 καθαρόν·

369 2427 578 2468 Πάρκεινται
600 2424 730 2469 δ’ἄρῑοι
751 2426 880 2463 ξανθοὶ
901 2425 1023 2469 γεγαρή
1046 2438 1083 2457 τε
1104 2425 1257 2467 τράπεζα

418 2482 524 2521 Τ-υροῦ
547 2481 604 2509 καὶ
624 2476 754 2519 μέλιτος
776 2481 891 2512 πίονος
914 2477 1097 2518 ἀχθομένη.

370 2532 491 2573 Βωμὸς
512 2529 689 2563 δ’ἅνθεσιν
709 2530 792 2562 αὐτὸ
814 2534 918 2572 μέσον
942 2531 1052 2570 πάντη
1077 2529 1301 2568 πεπύκασται,

405 2583 527 2621 Μολπὴ
549 2582 684 2625 δ’ἀμφὶς
706 2586 771 2621 ἔχη
787 2581 927 2622 δώματα
951 2586 1008 2613 καὶ
1031 2581 1148 2620 θαλίη,

1175 2634 1254 2665 Ath.
1277 2635 1338 2666 XI.
1363 2646 1391 2676 p.
1417 2635 1487 2667 462.
