1665 2793
676 89 930 127 ..19-

71 193 176 250 φρὴν
203 195 414 244 significat:
468 193 564 241 „das
591 194 674 230 rein
701 192 945 242 korperliche
971 194 1127 244 Princip
1156 192 1224 230 des
1252 194 1441 242 geistigen
1470 192 1545 229 Le-

73 265 189 311 bens,
218 263 258 300 in
283 259 468 299 welchem
497 259 559 298 die
585 259 828 298 Functionen
857 259 925 299 des
954 259 1126 308 (histes,
1159 259 1411 312 Empfinden,
1441 260 1545 299 Den-

45 373 47 376 Α
74 333 171 377 ken,
199 328 353 367 Wollen
389 327 498 365 ihren
527 327 609 365 Sitz
644 327 793 374 haben,
829 328 992 366 welches
1027 328 1134 367 nicht
1160 328 1230 366 das
1258 327 1417 379 Subject
1443 330 1549 367 einer

73 396 262 450 geistigen
282 393 510 445 Thatigkeit
537 394 619 433 sein
646 394 765 444 kann,
795 393 958 433 sondern
986 410 1059 434 nur
1086 396 1157 435 das
1177 394 1301 434 Mittel
1325 399 1428 446 etc.“‚
1455 395 1549 441 νοῦς

74 471 200 503 autem
229 462 334 512 apud
363 462 527 500 eundem
556 464 792 510 ,‚rationem“
821 463 1022 511 significat.

178 545 290 583 Alius
318 545 436 595 igitur
462 544 563 583 illius
590 545 697 583 vocis
725 559 817 583 usus
852 552 911 584 est
947 545 1051 596 apud
1066 545 1289 594 Homerum,
1317 546 1416 584 alius
1444 545 1549 597 apud

76 614 353 665 Pythagoram,
383 625 502 663 quare
530 612 705 662 quaestio
734 612 872 660 oritur,
900 625 1118 663 quoysensu
1132 612 1396 663 Xenophanes
1415 625 1549 650 vocem

76 675 182 735 φρήν
206 677 366 728 intelligi
395 677 568 717 voluerit.

179 760 433 812 Pythagorae
460 775 572 799 usum
602 775 688 800 eum
726 762 918 812 recepisse
954 761 1052 799 forte
1088 762 1279 812 quispiam
1316 762 1554 800 contenderit

79 827 339 876 considerans,
365 827 614 879 Pythagorae
642 828 859 868 doctrinam
887 842 972 867 eum
1002 830 1196 878 cognitam
1217 828 1409 878 habuisse,
1437 843 1554 881 quum

80 898 112 933 ei
141 908 228 933 cum
255 894 319 932 illo
347 895 387 932 in
415 908 559 946 magna
583 896 749 934 Graecia
776 895 1014 935 consuetudo
1043 896 1311 934 intercesserit.
1351 896 1427 934 Sed
1460 896 1555 934 haec

80 978 153 1002 non
183 961 388 1001 sufficiunt.
443 962 619 1015 Namque
656 964 780 1014 primo
813 962 1148 1014 Pythagoreorum
1184 961 1451 1014 philosophiae
1488 964 1554 1001 ad-

82 1029 275 1068 versarius
303 1029 422 1067 fuisse
448 1030 615 1068 traditur
641 1031 751 1082 eique
779 1031 923 1083 pariter
950 1035 1066 1081 atque
1092 1029 1266 1068 Thaletis
1294 1031 1464 1082 opinioni
1490 1044 1556 1082 op-

84 1098 231 1151 positus
245 1096 301 1145 *);
330 1098 530 1149 oppositus
559 1104 687 1136 autem
720 1098 780 1137 vel
808 1099 975 1136 maxime
1003 1099 1042 1136 in
1071 1098 1263 1136 sententia
1290 1097 1338 1135 de
1365 1097 1559 1136 humanae

85 1166 233 1202 animae
260 1168 412 1212 natura,
439 1169 477 1202 et
504 1165 556 1203 ita
583 1165 749 1216 quidem,
777 1171 819 1203 ut
843 1164 1179 1216 Pythagoreorum
1206 1164 1471 1217 philosophiae
1498 1178 1558 1203 ce—

82 1232 323 1271 leberrimam
351 1237 500 1285 partem
528 1229 863 1286 (μετεμψῦχωσιν)
892 1233 1042 1272 acerbis
1070 1232 1219 1271 facetiis
1247 1232 1424 1271 irrideret
1443 1233 1515 1285 **).

187 1315 420 1354 Universam
463 1321 593 1354 autem
619 1315 956 1367 Pythagoreorum
995 1315 1043 1354 de
1071 1315 1234 1354 hominis
1263 1316 1393 1354 anima
1421 1316 1560 1355 doctri-

87 1398 174 1422 nam
202 1385 451 1435 rejicientem,
479 1383 652 1434 singulas
679 1384 921 1422 definitiones
949 1390 987 1422 et
1013 1384 1315 1434 significationes
1339 1385 1441 1436 apud
1476 1385 1561 1424 illos

89 1453 261 1498 usitatas,
289 1450 571 1502 Xenophanem
599 1452 806 1502 accepisse,
834 1451 988 1488 difficile
1016 1458 1074 1489 est
1101 1451 1304 1489 intellectu.

188 1518 278 1557 Huc
307 1516 465 1565 accedit,
492 1517 594 1569 quod
623 1517 800 1556 omnibus
828 1517 1001 1567 Graecis,
1021 1519 1137 1556 etiam
1166 1517 1343 1556 doctrina
1371 1532 1446 1556 non
1475 1532 1559 1557 eru-

90 1585 179 1623 ditis
207 1586 372 1636 scripsit,
401 1599 531 1623 eorum
560 1599 685 1623 mores
713 1591 751 1623 et
765 1586 962 1635 ingenium
978 1586 1288 1623 consor-maturus
1297 1614 1308 1633 ‚
1335 1599 1453 1635 quum
1481 1587 1563 1635 ipse

90 1652 204 1699 dicat,
231 1665 299 1703 per
327 1652 531 1702 sexaginta
558 1657 705 1704 septem
732 1665 855 1690 annos
883 1651 1055 1691 Graecos
1083 1651 1189 1690 cordi
1217 1651 1290 1689 sibi
1325 1651 1444 1690 fuisse
1472 1651 1563 1703 ***)

91 1725 127 1756 et
154 1719 287 1757 eadem
317 1719 364 1757 de
392 1733 512 1758 causa
538 1720 794 1771 rapsodarum
821 1734 927 1758 more
954 1721 1130 1758 carmina
1157 1733 1228 1757 sua
1255 1720 1421 1757 recitans
1443 1719 1563 1758 Grae-

89 1786 187 1825 ciam
224 1800 455 1838 peragrasse
490 1787 668 1826 tradatur
681 1789 735 1840 †).
794 1788 1023 1827 Doctrinam
1069 1793 1198 1827 autem
1244 1801 1351 1826 suam
1398 1787 1563 1839 promul-

193 1938 226 1979 *)
265 1936 498 1975 Ἀντιὸοξάσαι
518 1951 554 1970 τε
576 1936 705 1980 λέγεται
729 1936 819 1981 Θαλῇ
842 1940 898 1968 καὶ
923 1938 1112 1979 Πυθαγόρᾳ
1146 1961 1152 1968 .
1167 1961 1173 1967 .
1191 1962 1196 1967 .
1216 1963 1222 1968 .

1161 1989 1263 2030 Diog.
1286 1989 1321 2020 L.
1345 1988 1405 2019 IX.
1430 1991 1478 2021 19.

165 2040 223 2081 4³⁶)
267 2044 352 2082 Περὶ
375 2039 411 2071 δὲ
432 2043 493 2071 τοῦ
517 2039 636 2072 ἄλλοτε
659 2039 761 2071 ἄλλον
781 2042 986 2084 γεγενῆσθαι
1008 2039 1204 2081 Ξενοφάνης
1232 2044 1270 2071 έν
1300 2040 1429 2083 ἐλεγείᾳ
1462 2052 1565 2081 προσ-

89 2098 258 2135 μαρτυρεῖ,
287 2089 324 2134 ἧς
346 2094 438 2137 ἀρχή·

174 2149 248 2176 Νῦν
270 2143 332 2177 οὖν
354 2147 377 2177 τ’
406 2146 505 2177 ἄλλον
528 2148 643 2185 ἔπειμι
666 2145 776 2186 λόγον,
804 2144 904 2180 δείξω
928 2142 964 2174 δὲ
987 2144 1158 2175 κέλευθον.

121 2194 161 2228 Ὅ
184 2195 220 2228 δὲ
238 2201 315 2240 περὶ
339 2198 442 2229 αὐτοῦ
463 2197 548 2240 (flell-
573 2197 614 2229 de
638 2197 848 2240 Pythagora)
871 2195 955 2239 λέγει
978 2194 1082 2228 οὕτως
1105 2198 1184 2235 ἔχει·

172 2254 243 2282 Καί
263 2255 348 2284 ποτέ
368 2264 428 2293 μιν
452 2250 730 2291 στυφελιζομένου
754 2248 913 2282 σκύλακος
936 2248 1105 2290 παριόντα

222 2306 334 2334 Φασὶν
355 2306 565 2342 ἐποικτεῑραι
588 2306 645 2333 καὶ
667 2301 747 2333 τόδε
770 2302 906 2342 φάσθαι
929 2302 1016 2332 ἔπος.

178 2357 318 2394 Παῦσαι,
341 2352 425 2397 μηδὲ
450 2355 577 2397 ῥιίπιζ,
603 2355 695 2392 ἐπειὴ
721 2353 819 2396 φίλου
843 2353 958 2394 ἀνέρος
981 2353 1067 2383 ἐστίν

219 2409 318 2447 Ψυχὴ.
343 2412 399 2445 τῆς
424 2409 535 2450 ἔγνων
556 2406 792 2449 φθεγξαμένης
818 2406 919 2437 α’ΐων.

1061 2455 1163 2497 Diog.
1187 2458 1294 2486 Laert.
1324 2454 1416 2486 VIII.
1439 2456 1490 2487 36.

155 2510 231 2552 **³⁶)
272 2510 378 2553 Diog.
403 2510 515 2542 Laert.
540 2509 599 2541 IX.
624 2510 671 2543 19.

197 2576 231 2614 †)
269 2574 367 2606 Ἀλλὰ
393 2577 450 2604 καὶ
473 2573 571 2607 αὐτὸς
592 2570 796 2616 έῤῥαψῴὸαι
817 2573 860 2603 τὰ
883 2573 1013 2604 ἑαυτοῦ.

1094 2622 1195 2664 Diog.
1221 2620 1336 2652 Laert.
1361 2621 1421 2654 lx.
1439 2624 1491 2656 18.

1258 2685 1300 2720 25.-
